product_id,category,brand,season,size,color,original_price,markdown_percentage,current_price,purchase_date,stock_quantity,customer_rating,is_returned,return_reason,total_sales,country,countryCode,longitude,latitude
FB000001,Outerwear,Zara,Spring,XL,Red,196.01,0,196.01,7/5/2025,37,3,FALSE,,347,Philippines,PH,121.0570303,14.58330396
FB000002,Tops,Uniqlo,Winter,L,Pink,119.64,0,119.64,8/6/2025,2,2.5,FALSE,,715,Philippines,PH,121.0267505,14.54980844
FB000003,Accessories,Uniqlo,Winter,XL,Black,33.8,0,33.8,8/6/2025,22,4.3,FALSE,,786,Philippines,PH,120.984229,14.576975
FB000004,Shoes,Uniqlo,Spring,XL,Black,75.36,0,75.36,7/7/2025,48,2.6,FALSE,,703,Philippines,PH,121.037674,14.61483088
FB000005,Tops,Banana Republic,Winter,XL,Black,105.02,0,105.02,8/6/2025,10,,FALSE,,947,Philippines,PH,121.030335,14.65676979
FB000006,Accessories,Zara,Fall,,White,35.03,35.4,22.63,8/6/2025,38,2.9,TRUE,Color Mismatch,206,Philippines,PH,120.9822,14.5351
FB000007,Bottoms,Zara,Spring,S,Gray,53.83,54.5,24.49,10/29/2024,38,2.6,FALSE,,675,Philippines,PH,121.053512,14.556674
FB000008,Dresses,Mango,Winter,XL,Blue,91.55,22.1,71.32,8/6/2025,47,1.6,FALSE,,830,Philippines,PH,121.0588113,14.73282273
FB000009,Outerwear,Uniqlo,Spring,XL,Green,227.73,12.8,198.58,3/24/2025,14,,FALSE,,597,Philippines,PH,121.0102296,14.43276906
FB000010,Outerwear,H&M,Fall,XXL,Pink,248.41,10.9,221.33,8/6/2025,37,,FALSE,,128,Philippines,PH,123.8815466,10.28170043
FB000011,Tops,Mango,Spring,L,Black,116.84,0,116.84,4/25/2025,3,4.4,FALSE,,525,Philippines,PH,123.904809,10.31845565
FB000012,Shoes,Uniqlo,Winter,S,Blue,146.98,0,146.98,8/6/2025,2,3.4,FALSE,,991,Philippines,PH,121.0389,14.4157
FB000013,Bottoms,Ann Taylor,Spring,S,White,37.51,0,37.51,1/4/2025,43,,FALSE,,493,Philippines,PH,120.9570604,14.30180966
FB000014,Dresses,Uniqlo,Fall,XS,Beige,48.15,0,48.15,8/6/2025,39,1.6,FALSE,,433,Philippines,PH,122.944385,10.673137
FB000015,Tops,Mango,Winter,M,Beige,79.66,0,79.66,8/6/2025,7,1.7,FALSE,,959,Philippines,PH,120.609821,15.16304
FB000016,Accessories,Mango,Winter,,Green,67.57,0,67.57,8/6/2025,17,2.4,FALSE,,189,Philippines,PH,120.698354,15.053074
FB000017,Shoes,Gap,Summer,S,Beige,123.53,0,123.53,8/6/2025,14,4.6,FALSE,,660,Philippines,PH,121.075225,14.651081
FB000018,Tops,Ann Taylor,Winter,L,Navy,102.35,0,102.35,8/6/2025,14,3.5,FALSE,,549,Philippines,PH,121.0538546,14.6190192
FB000019,Outerwear,Mango,Summer,M,Purple,137.95,58.5,57.25,8/6/2025,16,4.1,FALSE,,709,Philippines,PH,120.58,15.16861688
FB000020,Outerwear,Banana Republic,Summer,XXL,Gray,142.59,0,142.59,8/6/2025,1,3.7,FALSE,,733,Philippines,PH,125.61079,7.090658
FB000021,Bottoms,Mango,Fall,L,Beige,33.33,21.8,26.06,8/6/2025,42,,FALSE,,882,Philippines,PH,124.651398,8.484991
FB000022,Accessories,Zara,Spring,,Brown,62.3,0,62.3,9/24/2024,10,2.5,FALSE,,311,Philippines,PH,121.058928,14.592131
FB000023,Accessories,Zara,Winter,,Pink,38.48,0,38.48,8/6/2025,46,1.2,FALSE,,902,Philippines,PH,123.918289,10.311916
FB000024,Dresses,Banana Republic,Summer,XL,Green,91.36,0,91.36,8/6/2025,37,1.2,TRUE,Size Issue,872,Philippines,PH,121.023183,14.552894
FB000025,Tops,Forever21,Fall,XS,Blue,80.47,29.1,57.05,8/6/2025,38,3.6,FALSE,,933,Philippines,PH,122.551108,10.714587
FB000026,Bottoms,Uniqlo,Spring,M,Red,40.89,34,26.99,6/11/2025,16,3.7,FALSE,,804,Philippines,PH,121.011166,14.376249
FB000027,Bottoms,Banana Republic,Summer,L,Red,47.04,36,30.11,8/6/2025,25,1.1,TRUE,Damaged,847,Philippines,PH,120.592586,18.180249
FB000028,Bottoms,Gap,Summer,M,Blue,53.37,0,53.37,8/6/2025,28,3.8,FALSE,,874,Philippines,PH,120.533676,14.6557
FB000029,Dresses,Ann Taylor,Summer,L,White,114.35,0,114.35,8/6/2025,6,1.2,FALSE,,847,Philippines,PH,121.0597176,14.24736634
FB000030,Shoes,Gap,Spring,XL,Red,77.63,0,77.63,10/24/2024,1,,FALSE,,474,Philippines,PH,121.036314,14.65243
FB000031,Shoes,Uniqlo,Summer,S,Red,71.29,0,71.29,8/6/2025,37,4.1,TRUE,Quality Issue,254,Philippines,PH,121.093248,14.61987
FB000032,Tops,Gap,Spring,L,Purple,37.43,24.4,28.3,4/16/2025,5,,FALSE,,420,Philippines,PH,121.0004,14.6565
FB000033,Shoes,Zara,Spring,XL,Purple,143.78,0,143.78,10/16/2024,43,1.1,FALSE,,480,Philippines,PH,121.019501,14.576162
FB000034,Tops,Banana Republic,Summer,XL,Gray,88.23,0,88.23,8/6/2025,44,1.6,FALSE,,409,Philippines,PH,121.1730029,13.99901421
FB000035,Accessories,Forever21,Fall,,Navy,58.57,0,58.57,8/6/2025,38,1.5,FALSE,,835,Philippines,PH,120.99,14.48
FB000036,Tops,Uniqlo,Winter,XXL,White,119.7,5.7,112.88,8/6/2025,37,4.9,FALSE,,987,Philippines,PH,120.59,16.4
FB000037,Bottoms,Banana Republic,Fall,XXL,Green,97.06,47.8,50.67,8/6/2025,31,4.1,FALSE,,738,Philippines,PH,120.283,14.8363
FB000038,Dresses,Banana Republic,Summer,L,White,110.09,0,110.09,8/6/2025,32,3.4,FALSE,,419,Philippines,PH,120.9682,14.4311
FB000039,Shoes,Zara,Winter,XS,Green,198.42,14.2,170.24,8/6/2025,10,,FALSE,,329,Philippines,PH,121.06,14.35
FB000040,Bottoms,Banana Republic,Winter,,Purple,101.72,0,101.72,8/6/2025,40,,FALSE,,224,Philippines,PH,121.054685,14.547374
FB000041,Tops,Uniqlo,Summer,S,White,117.86,0,117.86,8/6/2025,6,,FALSE,,797,Austria,AT,14.35865388,46.76787112
FB000042,Tops,Ann Taylor,Summer,M,Green,78.86,0,78.86,8/6/2025,22,4.3,FALSE,,449,Austria,AT,16.04988763,48.33094632
FB000043,Outerwear,Zara,Winter,XS,Navy,216.16,51.4,105.05,8/6/2025,36,4,FALSE,,710,Austria,AT,16.21829563,47.8183144
FB000044,Shoes,Zara,Spring,XL,Pink,129.85,0,129.85,4/25/2025,36,3.3,FALSE,,542,Austria,AT,16.47129041,48.17016843
FB000045,Tops,Banana Republic,Winter,XXL,Green,111.3,0,111.3,8/6/2025,11,1.7,FALSE,,194,Austria,AT,13.0687851,47.7750735
FB000046,Dresses,Uniqlo,Summer,XL,Brown,73.65,0,73.65,8/6/2025,33,3.6,FALSE,,771,Austria,AT,16.42267875,48.20966424
FB000047,Shoes,Mango,Summer,L,Pink,147.13,30.3,102.55,8/6/2025,13,4.4,FALSE,,977,Austria,AT,14.83920797,46.84237385
FB000048,Accessories,Ann Taylor,Winter,,Green,44.6,53.9,20.56,8/6/2025,42,2.4,FALSE,,806,Austria,AT,13.2188533,47.4173902
FB000049,Bottoms,Forever21,Summer,XL,White,101.8,0,101.8,8/6/2025,7,2.8,FALSE,,133,Austria,AT,16.5722,48.56987223
FB000050,Accessories,Banana Republic,Summer,,Brown,16.52,55.9,7.29,8/6/2025,43,,FALSE,,521,Austria,AT,15.46147666,47.04171051
FB000051,Bottoms,H&M,Fall,M,Beige,50.91,0,50.91,8/6/2025,3,1.8,FALSE,,686,Austria,AT,16.25691219,47.82417417
FB000052,Outerwear,Forever21,Spring,S,White,222.26,0,222.26,5/3/2025,50,4.5,FALSE,,649,Austria,AT,16.35494151,48.19986893
FB000053,Shoes,Gap,Summer,S,Navy,104.14,57.1,44.68,8/6/2025,14,1.8,FALSE,,925,Austria,AT,15.62857045,47.21781127
FB000054,Outerwear,Zara,Spring,S,White,166.76,0,166.76,6/12/2025,21,4.2,FALSE,,281,Austria,AT,16.855765,47.97684
FB000055,Accessories,Banana Republic,Fall,,Black,44.13,50.9,21.67,8/6/2025,21,3,FALSE,,948,Austria,AT,16.31776571,48.11170077
FB000056,Outerwear,Gap,Summer,S,Green,121.29,15.2,102.85,8/6/2025,42,,FALSE,,446,Austria,AT,15.4172832,47.0340747
FB000057,Tops,H&M,Spring,S,Beige,73.71,0,73.71,7/10/2025,35,3.9,TRUE,Quality Issue,951,Austria,AT,14.24892426,48.19515855
FB000058,Bottoms,Zara,Spring,XL,Brown,84.07,26.3,61.96,10/25/2024,19,2.3,TRUE,Size Issue,252,Austria,AT,14.23622131,48.24399631
FB000059,Tops,Mango,Summer,XS,Black,28.59,0,28.59,8/6/2025,39,1.4,FALSE,,232,Austria,AT,11.4309566,47.2626763
FB000060,Shoes,Mango,Winter,XXL,Blue,166.49,2.6,162.16,8/6/2025,27,,FALSE,,225,Austria,AT,16.3484966,48.1977447
FB000061,Shoes,Ann Taylor,Summer,M,White,145.95,6.6,136.32,8/6/2025,15,4,FALSE,,936,Austria,AT,14.30733204,46.6253033
FB000062,Outerwear,Gap,Fall,M,Purple,218.42,0,218.42,8/6/2025,33,4.4,TRUE,Changed Mind,871,Austria,AT,16.376132,48.1793733
FB000063,Accessories,Forever21,Winter,,White,46.17,1.1,45.66,8/6/2025,30,1.9,FALSE,,687,Austria,AT,13.00536633,47.81574824
FB000064,Shoes,H&M,Summer,,Green,106.18,18,87.07,8/6/2025,11,4.5,FALSE,,364,Austria,AT,16.43468857,48.24205284
FB000065,Tops,Zara,Winter,XS,Gray,93.33,2.4,91.09,8/6/2025,20,4.2,FALSE,,111,Austria,AT,16.3299526,48.1775916
FB000066,Bottoms,Mango,Spring,XS,White,86.54,21.7,67.76,6/1/2025,21,3.6,TRUE,Changed Mind,436,Austria,AT,15.6226532,48.2067485
FB000067,Accessories,Ann Taylor,Summer,,Green,55.57,0,55.57,8/6/2025,44,3.8,FALSE,,410,Austria,AT,9.7107662,47.411961
FB000068,Tops,Forever21,Spring,XL,Black,76.5,0,76.5,1/26/2025,17,4.6,FALSE,,966,Austria,AT,15.6207407,48.4163398
FB000069,Dresses,Forever21,Spring,XS,Green,137.19,9.5,124.16,4/1/2025,17,,FALSE,,174,Austria,AT,15.43830156,47.07092564
FB000070,Tops,Zara,Summer,XL,Purple,48.92,19.8,39.23,8/6/2025,17,2.6,FALSE,,992,Austria,AT,16.334021,48.204065
FB000071,Shoes,Ann Taylor,Winter,XL,White,69.82,0,69.82,8/6/2025,46,,TRUE,Wrong Item,649,Austria,AT,16.39881134,48.26642661
FB000072,Outerwear,Mango,Summer,XXL,Red,199.39,7.4,184.64,8/6/2025,49,,FALSE,,662,Austria,AT,15.427395,47.059464
FB000073,Outerwear,Banana Republic,Summer,M,White,222.09,55.2,99.5,8/6/2025,21,4.5,FALSE,,259,Austria,AT,16.38486385,48.24102391
FB000074,Tops,Mango,Fall,XS,Red,112.86,0,112.86,8/6/2025,8,2.9,FALSE,,521,Austria,AT,14.2906873,48.3005325
FB000075,Dresses,Mango,Spring,XS,Green,100.96,0,100.96,5/10/2025,32,3.3,FALSE,,940,Austria,AT,15.2912917,47.4445773
FB000076,Outerwear,Gap,Spring,XL,Green,243.56,48,126.65,10/14/2024,22,4.4,TRUE,Changed Mind,884,Austria,AT,14.415586,48.037362
FB000077,Dresses,Mango,Spring,XXL,Red,153.32,0,153.32,9/13/2024,43,2.9,FALSE,,926,Austria,AT,15.63706398,48.22278563
FB000078,Accessories,Uniqlo,Fall,,Purple,42.95,22.5,33.29,8/6/2025,7,1.9,TRUE,Size Issue,156,Austria,AT,12.7660834,46.8293647
FB000079,Tops,H&M,Summer,S,Green,30.79,0,30.79,8/6/2025,36,3.4,FALSE,,337,Austria,AT,12.0689106,47.48815101
FB000080,Accessories,Uniqlo,Fall,,Brown,59.85,0,59.85,8/6/2025,38,4,FALSE,,781,Austria,AT,14.02469158,48.15861417
FB000081,Tops,Banana Republic,Spring,S,Navy,78.16,19.1,63.23,7/25/2025,23,,FALSE,,275,Austria,AT,14.86896515,48.12127023
FB000082,Tops,Ann Taylor,Fall,M,White,113.17,19.1,91.55,8/6/2025,15,4.9,FALSE,,240,Austria,AT,9.812164307,47.15064735
FB000083,Dresses,Ann Taylor,Winter,S,Blue,174.13,0,174.13,8/6/2025,34,3.7,FALSE,,451,Austria,AT,16.41664267,48.1739491
FB000084,Shoes,Zara,Summer,XS,Purple,191.96,0,191.96,8/6/2025,50,,FALSE,,890,Austria,AT,15.4130484,47.0137661
FB000085,Outerwear,Ann Taylor,Spring,XL,Beige,222.55,22.6,172.25,2/10/2025,50,,FALSE,,678,Austria,AT,16.52564764,47.84697796
FB000086,Bottoms,Forever21,Winter,XS,Black,37.85,11.9,33.35,8/6/2025,45,3.4,TRUE,Changed Mind,815,Austria,AT,15.44207811,47.06848493
FB000087,Outerwear,Uniqlo,Summer,M,Gray,241.09,0,241.09,8/6/2025,26,,FALSE,,141,Austria,AT,9.59625721,47.23705385
FB000088,Dresses,Banana Republic,Spring,S,Navy,136.97,0,136.97,10/25/2024,17,4.4,TRUE,Quality Issue,182,Austria,AT,16.370744,48.2050746
FB000089,Shoes,H&M,Spring,M,Blue,113.79,55.3,50.86,12/29/2024,47,4.1,FALSE,,121,Austria,AT,16.21706486,48.20785856
FB000090,Bottoms,H&M,Summer,XXL,White,93.23,40,55.94,8/6/2025,46,1.9,FALSE,,180,Austria,AT,13.97284985,48.14564424
FB000091,Shoes,Uniqlo,Spring,S,Navy,106.24,6.4,99.44,9/9/2024,50,1.5,FALSE,,986,Austria,AT,13.49121094,46.79765043
FB000092,Accessories,Zara,Winter,,Brown,30.95,0,30.95,8/6/2025,27,3.1,TRUE,Changed Mind,884,Austria,AT,14.3207913,46.6137386
FB000093,Shoes,Zara,Summer,S,Black,76.92,49.5,38.84,8/6/2025,7,1.1,FALSE,,169,Austria,AT,16.3706297,48.2079584
FB000094,Bottoms,H&M,Fall,XS,Beige,80.64,0,80.64,8/6/2025,26,,FALSE,,279,Austria,AT,16.36659265,48.2536554
FB000095,Bottoms,Zara,Fall,XS,Beige,32.46,52.4,15.45,8/6/2025,14,3.9,FALSE,,956,Austria,AT,13.8359808,46.5962443
FB000096,Accessories,Gap,Summer,,Black,54.79,0,54.79,8/6/2025,12,4.5,FALSE,,898,Austria,AT,14.30853367,46.62657062
FB000097,Bottoms,H&M,Winter,M,Pink,71.14,56.4,31.02,8/6/2025,12,3.4,FALSE,,648,Austria,AT,15.095388,47.3820104
FB000098,Bottoms,Ann Taylor,Summer,XXL,Navy,57.85,0,57.85,8/6/2025,36,3.5,FALSE,,333,Austria,AT,11.4042132,47.2659082
FB000099,Bottoms,Zara,Summer,XS,Green,33.37,3,32.37,8/6/2025,40,1.3,FALSE,,553,Austria,AT,14.2881778,48.3039772
FB000100,Tops,Gap,Summer,L,Black,91.83,0,91.83,8/6/2025,39,4.9,FALSE,,580,Austria,AT,12.7950165,47.2985103
FB000101,Bottoms,Zara,Fall,L,White,60.12,19.5,48.4,8/6/2025,42,1,FALSE,,599,Austria,AT,15.413697,47.0134109
FB000102,Dresses,Banana Republic,Winter,S,White,163.5,0,163.5,8/6/2025,34,4.9,FALSE,,275,Austria,AT,16.18620872,47.28660183
FB000103,Dresses,Uniqlo,Spring,S,Beige,126.37,0,126.37,11/8/2024,25,1.8,FALSE,,553,Austria,AT,16.27946377,48.13705308
FB000104,Bottoms,Uniqlo,Winter,L,Navy,50.01,58.2,20.9,8/6/2025,32,4.8,FALSE,,214,Austria,AT,14.24455225,47.56457487
FB000105,Shoes,H&M,Winter,S,Red,84.31,0,84.31,8/6/2025,10,3.9,FALSE,,419,Austria,AT,13.668585,48.0029587
FB000106,Bottoms,Banana Republic,Spring,XL,Beige,100.98,0,100.98,6/17/2025,21,2.8,FALSE,,772,Austria,AT,11.06968045,47.30545501
FB000107,Bottoms,Banana Republic,Summer,M,Beige,38.02,0,38.02,8/6/2025,44,4.7,FALSE,,598,Austria,AT,13.04377556,47.80003984
FB000108,Bottoms,H&M,Fall,XL,Blue,63.85,0,63.85,8/6/2025,41,,FALSE,,956,Austria,AT,11.3943044,47.2656143
FB000109,Shoes,H&M,Fall,XS,Navy,183.15,0,183.15,8/6/2025,23,4.1,FALSE,,784,Austria,AT,12.17027664,47.58451555
FB000110,Dresses,Zara,Winter,S,Gray,91,59.5,36.86,8/6/2025,5,3.9,FALSE,,882,Austria,AT,15.55634022,46.79574077
FB000111,Outerwear,Uniqlo,Spring,L,Black,92.83,0,92.83,7/20/2025,9,1.2,FALSE,,948,Australia,AU,144.9634988,-37.81400551
FB000112,Accessories,Banana Republic,Winter,,Brown,34.45,0,34.45,8/6/2025,4,4.5,FALSE,,724,Australia,AU,151.2083892,-33.86941339
FB000113,Dresses,H&M,Fall,S,Purple,128.15,50,64.08,8/6/2025,28,3.2,FALSE,,860,Australia,AU,151.119429,-33.77582
FB000114,Tops,Mango,Summer,XXL,Red,99.62,33.8,65.95,8/6/2025,27,2.1,FALSE,,888,Australia,AU,153.0820713,-27.56304094
FB000115,Bottoms,Forever21,Winter,S,Pink,87.39,25.5,65.11,8/6/2025,8,2.3,FALSE,,388,Australia,AU,152.971777,-27.501124
FB000116,Tops,Zara,Spring,XXL,Brown,49.67,0,49.67,9/6/2024,37,2.3,FALSE,,169,Australia,AU,115.7677097,-31.743974
FB000117,Accessories,Uniqlo,Fall,,Brown,72.04,0,72.04,8/6/2025,48,,TRUE,Wrong Item,616,Australia,AU,145.2297736,-37.81402648
FB000118,Dresses,Zara,Spring,M,Navy,133.82,0,133.82,11/25/2024,12,1.7,FALSE,,395,Australia,AU,153.0257905,-27.46892012
FB000119,Bottoms,Uniqlo,Winter,S,Black,62.93,0,62.93,8/6/2025,49,,FALSE,,354,Australia,AU,115.8570471,-31.9535132
FB000120,Outerwear,Zara,Spring,L,Red,248.58,0,248.58,7/4/2025,27,1.5,FALSE,,752,Australia,AU,151.1931803,-33.88372889
FB000121,Shoes,Uniqlo,Fall,XXL,Navy,61.08,0,61.08,8/6/2025,27,,TRUE,Changed Mind,228,Australia,AU,145.082724,-37.885837
FB000122,Bottoms,Gap,Winter,S,Red,109.12,0,109.12,8/6/2025,34,,FALSE,,852,Australia,AU,153.427799,-28.036715
FB000123,Outerwear,Zara,Winter,XXL,Purple,82.91,45.9,44.85,8/6/2025,24,,TRUE,Quality Issue,490,Australia,AU,151.6941819,-32.96331998
FB000124,Shoes,H&M,Summer,XS,Purple,113.53,10.9,101.16,8/6/2025,40,2.8,FALSE,,851,Australia,AU,153.032313,-27.384483
FB000125,Accessories,Uniqlo,Winter,,Brown,38.89,51.5,18.86,8/6/2025,28,4.3,FALSE,,385,Australia,AU,151.266161,-33.767004
FB000126,Dresses,Gap,Spring,XXL,Black,53.01,45.9,28.68,1/14/2025,37,3.7,FALSE,,188,Australia,AU,144.6804517,-37.8761715
FB000127,Shoes,Ann Taylor,Spring,XXL,Blue,81.64,0,81.64,12/6/2024,50,1.1,FALSE,,300,Australia,AU,151.001693,-33.817172
FB000128,Shoes,Ann Taylor,Spring,XXL,White,125.24,21.5,98.31,9/6/2024,7,2.9,FALSE,,294,Australia,AU,150.7978241,-34.07457115
FB000129,Outerwear,Ann Taylor,Spring,XS,Pink,98.61,0,98.61,3/5/2025,1,2.6,FALSE,,785,Australia,AU,150.8945069,-34.42499613
FB000130,Shoes,Gap,Fall,XS,Blue,77.54,0,77.54,8/6/2025,36,3.4,FALSE,,576,Australia,AU,138.6016683,-34.92271078
FB000131,Dresses,Banana Republic,Spring,XL,Purple,79.13,0,79.13,11/16/2024,11,3.6,FALSE,,427,Australia,AU,151.711078,-32.941769
FB000132,Bottoms,Mango,Spring,S,Green,96.11,0,96.11,4/12/2025,13,4.2,FALSE,,542,Australia,AU,151.9507805,-27.56179153
FB000133,Tops,Mango,Spring,XL,White,116.61,0,116.61,11/4/2024,31,,FALSE,,302,Australia,AU,153.3858036,-28.07843141
FB000134,Accessories,Ann Taylor,Winter,,Blue,57.8,27,42.19,8/6/2025,9,1.8,FALSE,,314,Australia,AU,149.1340918,-35.27944511
FB000135,Tops,H&M,Spring,S,White,110.78,0,110.78,1/13/2025,9,1.4,FALSE,,347,Australia,AU,115.9377567,-32.01885803
FB000136,Tops,Gap,Spring,L,Black,112.63,0,112.63,10/14/2024,50,3.6,TRUE,Quality Issue,805,Australia,AU,153.0853514,-26.65526483
FB000137,Tops,H&M,Summer,XS,Purple,89.36,0,89.36,8/6/2025,24,4.3,TRUE,Damaged,753,Australia,AU,144.9393,-37.8156
FB000138,Outerwear,Forever21,Fall,M,Pink,127.99,0,127.99,8/6/2025,16,,FALSE,,395,Australia,AU,150.7370121,-34.0406837
FB000139,Bottoms,Zara,Winter,XXL,Beige,54.88,58.8,22.61,8/6/2025,50,3.5,FALSE,,816,Australia,AU,147.3238148,-42.8819032
FB000140,Shoes,Uniqlo,Spring,L,White,154.13,0,154.13,10/1/2024,31,4.1,TRUE,Size Issue,550,Australia,AU,115.741849,-32.536703
FB000141,Dresses,Ann Taylor,Spring,XS,Gray,131.5,0,131.5,11/3/2024,5,,FALSE,,235,Australia,AU,145.166,-37.877
FB000142,Outerwear,Gap,Summer,M,Blue,133.26,0,133.26,8/6/2025,29,1.3,FALSE,,319,Australia,AU,115.7792113,-31.8769197
FB000143,Shoes,Forever21,Winter,XL,Red,173.91,0,173.91,8/6/2025,21,,FALSE,,402,Australia,AU,145.030038,-37.738477
FB000144,Tops,H&M,Spring,L,Beige,102.99,0,102.99,7/16/2025,41,3.9,FALSE,,326,Australia,AU,151.591413,-32.762523
FB000145,Outerwear,Zara,Spring,L,Beige,87.78,45.3,48.02,2/17/2025,34,1.8,FALSE,,642,Australia,AU,151.4147489,-33.3081324
FB000146,Tops,Uniqlo,Winter,,Beige,91.8,15.8,77.3,8/6/2025,30,4.2,FALSE,,929,Australia,AU,153.3160569,-27.8537728
FB000147,Tops,Zara,Winter,L,White,107.32,25.4,80.06,8/6/2025,50,4.4,FALSE,,815,Bosnia and Herzegovina,BA,17.2073942,44.7797834
FB000148,Bottoms,Banana Republic,Spring,XXL,Brown,67.69,57.3,28.9,7/24/2025,50,4.6,FALSE,,359,Bosnia and Herzegovina,BA,18.65186082,44.5323218
FB000149,Tops,Ann Taylor,Summer,M,Beige,68.11,46,36.78,8/6/2025,3,2.5,FALSE,,540,Belgium,BE,4.356465,50.834894
FB000150,Shoes,Banana Republic,Spring,L,Blue,94.29,0,94.29,9/15/2024,18,1.7,FALSE,,336,Belgium,BE,5.699448,50.987288
FB000151,Tops,Ann Taylor,Winter,XL,Gray,94.97,0,94.97,8/6/2025,46,4.3,FALSE,,348,Belgium,BE,3.722414,51.052997
FB000152,Shoes,Banana Republic,Winter,M,Navy,65.87,11.4,58.36,8/6/2025,15,3.9,FALSE,,824,Belgium,BE,4.036582,50.93855
FB000153,Dresses,Zara,Winter,XXL,Blue,155.06,29.4,109.47,8/6/2025,5,3.6,FALSE,,456,Belgium,BE,4.203336,50.486444
FB000154,Outerwear,Zara,Winter,L,Brown,172.59,0,172.59,8/6/2025,1,2.1,FALSE,,445,Belgium,BE,3.221606,51.206416
FB000155,Dresses,H&M,Summer,M,Blue,68.72,0,68.72,8/6/2025,28,1.7,TRUE,Quality Issue,417,Belgium,BE,5.597412,50.615339
FB000156,Tops,Banana Republic,Spring,XL,Blue,28.78,0,28.78,10/3/2024,21,,FALSE,,634,Belgium,BE,5.811147,49.607334
FB000157,Outerwear,H&M,Winter,XXL,Black,110.32,28.3,79.1,8/6/2025,49,3.3,FALSE,,362,Belgium,BE,3.838353,50.438471
FB000158,Shoes,Mango,Summer,XXL,Black,194.24,0,194.24,8/6/2025,17,1.2,TRUE,Changed Mind,178,Belgium,BE,4.707572,50.88008
FB000159,Shoes,Gap,Fall,XS,Beige,175.91,0,175.91,8/6/2025,4,2.8,FALSE,,531,Belgium,BE,3.127186,50.946643
FB000160,Bottoms,Mango,Winter,XXL,Gray,79.34,0,79.34,8/6/2025,30,4.4,FALSE,,659,Belgium,BE,4.2879,50.839188
FB000161,Bottoms,H&M,Summer,M,Green,111.88,0,111.88,8/6/2025,41,4.5,FALSE,,893,Belgium,BE,4.354663,50.851312
FB000162,Accessories,Gap,Spring,,Navy,42.84,40.6,25.45,9/12/2024,18,2.6,FALSE,,348,Belgium,BE,4.153208,51.151025
FB000163,Bottoms,Gap,Spring,XXL,Navy,26.28,1.1,25.99,6/20/2025,35,5,FALSE,,348,Belgium,BE,2.918629,51.231494
FB000164,Accessories,H&M,Spring,,Green,23.11,0,23.11,9/17/2024,2,1.4,FALSE,,763,Belgium,BE,4.410904,51.218175
FB000165,Shoes,Zara,Winter,M,White,168.36,0,168.36,8/6/2025,47,,TRUE,Damaged,799,Belgium,BE,4.501441,51.221984
FB000166,Shoes,Gap,Fall,XL,Green,99.26,0,99.26,8/6/2025,33,,TRUE,Quality Issue,692,Belgium,BE,4.866073,50.463382
FB000167,Accessories,Mango,Spring,,Black,53.66,0,53.66,12/19/2024,40,2.8,FALSE,,750,Belgium,BE,4.378093,51.190251
FB000168,Accessories,Ann Taylor,Summer,,Gray,69.71,18,57.16,8/6/2025,34,4.2,TRUE,Color Mismatch,684,Belgium,BE,4.437112,50.845459
FB000169,Dresses,Forever21,Fall,XXL,Gray,60.3,21.4,47.4,8/6/2025,4,3.6,FALSE,,944,Belgium,BE,4.616846,50.671102
FB000170,Shoes,Banana Republic,Winter,XXL,Red,113.58,0,113.58,8/6/2025,33,4.9,TRUE,Wrong Item,946,Belgium,BE,4.361917,50.837496
FB000171,Bottoms,Ann Taylor,Fall,XS,Brown,54.86,1.7,53.93,8/6/2025,40,2.5,FALSE,,847,Belgium,BE,5.498473,50.965248
FB000172,Tops,Zara,Winter,XS,Red,92.25,0,92.25,8/6/2025,13,2.8,TRUE,Damaged,801,Belgium,BE,4.398181,50.72023
FB000173,Accessories,Ann Taylor,Winter,,White,54.07,0,54.07,8/6/2025,47,4.6,FALSE,,692,Belgium,BE,4.280559,50.820337
FB000174,Shoes,Banana Republic,Winter,XL,Red,104.4,0,104.4,8/6/2025,41,3.4,FALSE,,419,Belgium,BE,5.188652,50.813952
FB000175,Dresses,Ann Taylor,Spring,M,Gray,45.97,0,45.97,8/28/2024,37,3.2,TRUE,Quality Issue,200,Belgium,BE,3.269684,50.826226
FB000176,Tops,Ann Taylor,Summer,XXL,Black,28.79,0,28.79,8/6/2025,4,4.4,FALSE,,893,Belgium,BE,4.481045,51.026484
FB000177,Outerwear,Uniqlo,Winter,M,Gray,204.21,0,204.21,8/6/2025,5,3.3,FALSE,,514,Belgium,BE,4.458306,50.418696
FB000178,Shoes,Mango,Fall,XXL,Pink,190.75,20,152.6,8/6/2025,47,,FALSE,,983,Belgium,BE,4.566851,51.134059
FB000179,Tops,Forever21,Winter,XS,Brown,33.01,39.2,20.07,8/6/2025,16,3.7,FALSE,,675,Belgium,BE,4.255219,51.214061
FB000180,Accessories,Banana Republic,Spring,,Blue,47.61,39.8,28.66,12/3/2024,18,1.3,FALSE,,155,Belgium,BE,5.581207,50.632056
FB000181,Outerwear,H&M,Spring,XS,Red,137.16,0,137.16,9/26/2024,34,3.2,FALSE,,452,Belgium,BE,4.336429,50.80324
FB000182,Tops,Gap,Fall,M,Navy,108.49,0,108.49,8/6/2025,7,3.3,FALSE,,979,Belgium,BE,3.723445,51.056644
FB000183,Tops,Banana Republic,Winter,XL,Green,106.49,0,106.49,8/6/2025,23,4,FALSE,,406,Belgium,BE,5.354996,49.910422
FB000184,Tops,Mango,Winter,XXL,Pink,114.86,0,114.86,8/6/2025,48,1.1,FALSE,,613,Belgium,BE,5.544884,50.669732
FB000185,Dresses,Zara,Fall,L,Blue,121.68,0,121.68,8/6/2025,9,1.5,FALSE,,439,Belgium,BE,5.1195,51.188019
FB000186,Bottoms,Zara,Summer,XXL,Black,74.08,3.9,71.19,8/6/2025,37,1.7,FALSE,,410,Belgium,BE,5.052616,50.982923
FB000187,Tops,Gap,Fall,M,Blue,92.37,35.9,59.21,8/6/2025,20,,FALSE,,737,Belgium,BE,3.26048,50.846253
FB000188,Tops,Uniqlo,Summer,XXL,Beige,34.06,0,34.06,8/6/2025,39,4.5,FALSE,,210,Belgium,BE,4.309909,50.589201
FB000189,Dresses,Zara,Summer,L,Pink,173.42,0,173.42,8/6/2025,47,4.2,FALSE,,337,Belgium,BE,4.375799,51.117513
FB000190,Bottoms,Uniqlo,Spring,XXL,Brown,66.51,0,66.51,10/4/2024,32,2.1,FALSE,,522,Belgium,BE,4.947438,51.322393
FB000191,Bottoms,Uniqlo,Fall,XXL,Blue,72.44,7.1,67.3,8/6/2025,10,1.8,FALSE,,221,Belgium,BE,3.584024,50.745704
FB000192,Tops,Ann Taylor,Fall,S,Black,81.2,0,81.2,8/6/2025,3,1.5,FALSE,,923,Belgium,BE,3.288919,51.349506
FB000193,Outerwear,Gap,Summer,XXL,Red,104.5,12.3,91.65,8/6/2025,42,,FALSE,,505,Belgium,BE,3.237251,50.7475
FB000194,Dresses,Gap,Winter,XL,Pink,57.53,13,50.05,8/6/2025,12,4.1,FALSE,,701,Belgium,BE,5.329407,50.221829
FB000195,Shoes,Banana Republic,Summer,XXL,Gray,142.58,0,142.58,8/6/2025,25,4.8,TRUE,Quality Issue,626,Belgium,BE,3.80813,51.089362
FB000196,Dresses,Zara,Fall,XXL,Green,162.23,29.4,114.53,8/6/2025,41,4,TRUE,Quality Issue,982,Belgium,BE,4.706631,50.880148
FB000197,Bottoms,Ann Taylor,Spring,XXL,Red,32.1,51.7,15.5,11/23/2024,27,,FALSE,,932,Belgium,BE,3.932618,50.456033
FB000198,Shoes,Uniqlo,Fall,L,Black,162.41,42.7,93.06,8/6/2025,22,4.8,FALSE,,574,Belgium,BE,3.874342,50.772104
FB000199,Tops,Banana Republic,Fall,M,Gray,77.46,57.5,32.92,8/6/2025,23,4,FALSE,,916,Belgium,BE,3.197522,50.918317
FB000200,Tops,H&M,Fall,XXL,Blue,103.42,56.1,45.4,8/6/2025,4,4.7,FALSE,,137,Belgium,BE,5.309715,51.230981
FB000201,Bottoms,Zara,Spring,XS,Green,42.91,33.3,28.62,11/23/2024,18,,FALSE,,666,Belgium,BE,5.642063,50.681961
FB000202,Shoes,Zara,Summer,XL,Green,144.92,17,120.28,8/6/2025,32,2,FALSE,,464,Belgium,BE,5.223942,51.066631
FB000203,Shoes,Banana Republic,Summer,XS,Black,93.07,23.9,70.83,8/6/2025,10,3.5,TRUE,Changed Mind,555,Belgium,BE,4.430537,51.313055
FB000204,Outerwear,H&M,Summer,S,Red,119.96,0,119.96,8/6/2025,20,1.1,FALSE,,673,Belgium,BE,4.413252,51.218524
FB000205,Accessories,Forever21,Summer,,Gray,42.04,50.9,20.64,8/6/2025,43,2.3,TRUE,Wrong Item,894,Belgium,BE,4.295766,50.872167
FB000206,Accessories,Banana Republic,Winter,,Red,54.45,0,54.45,8/6/2025,12,2.7,FALSE,,959,Belgium,BE,3.368709,50.627855
FB000207,Tops,Mango,Spring,M,Green,66.95,36.4,42.58,9/28/2024,44,1.9,TRUE,Quality Issue,789,Belgium,BE,6.01797,50.638793
FB000208,Tops,Ann Taylor,Spring,XL,Beige,116.96,8.8,106.67,4/29/2025,33,1.6,FALSE,,999,Belgium,BE,4.372987,50.879462
FB000209,Tops,Forever21,Fall,XXL,Pink,111.14,0,111.14,8/6/2025,49,1.6,FALSE,,542,Belgium,BE,4.065494,50.570298
FB000210,Tops,Banana Republic,Fall,XS,Blue,59.6,0,59.6,8/6/2025,40,2.1,FALSE,,415,Belgium,BE,5.336741,50.934858
FB000211,Tops,Ann Taylor,Spring,S,Gray,25.49,16.7,21.23,5/23/2025,32,,FALSE,,801,Belgium,BE,4.44181,50.407948
FB000212,Tops,Zara,Spring,M,Black,82.94,0,82.94,7/17/2025,46,1.5,FALSE,,870,Belgium,BE,4.902304,51.150973
FB000213,Tops,Uniqlo,Spring,L,Blue,99.71,0,99.71,8/21/2024,23,1.4,FALSE,,447,Belgium,BE,3.4036381,50.6035066
FB000214,Accessories,Banana Republic,Fall,,Black,69.74,0,69.74,8/6/2025,11,3.3,TRUE,Changed Mind,576,Bulgaria,BG,23.38118076,42.66006382
FB000215,Bottoms,H&M,Summer,XXL,Green,57.19,0,57.19,8/6/2025,12,2.5,FALSE,,687,Bulgaria,BG,27.89759159,43.21663151
FB000216,Tops,H&M,Summer,XXL,Red,58.65,0,58.65,8/6/2025,4,1.1,FALSE,,641,Bulgaria,BG,23.3535862,42.69158365
FB000217,Outerwear,Uniqlo,Fall,XL,Pink,110.22,0,110.22,8/6/2025,4,1.6,FALSE,,501,Bulgaria,BG,27.45414734,42.51329766
FB000218,Tops,Zara,Summer,XXL,Pink,69.36,0,69.36,8/6/2025,25,,FALSE,,659,Bulgaria,BG,23.2884407,42.66435575
FB000219,Bottoms,Zara,Winter,S,Black,87.03,0,87.03,8/6/2025,39,4.3,FALSE,,441,Bulgaria,BG,24.71917345,42.14158863
FB000220,Dresses,Zara,Winter,XXL,Brown,160.6,18.4,131.05,8/6/2025,41,3,FALSE,,164,Bulgaria,BG,23.31578217,42.65800674
FB000221,Outerwear,H&M,Spring,XS,Purple,167.02,0,167.02,1/30/2025,26,2.6,TRUE,Size Issue,493,Bulgaria,BG,23.30929756,42.69836511
FB000222,Tops,Zara,Summer,XXL,Gray,26.09,0,26.09,8/6/2025,32,4.6,TRUE,Damaged,587,Bulgaria,BG,25.63148975,42.43821729
FB000223,Outerwear,H&M,Summer,XL,Brown,246.65,0,246.65,8/6/2025,17,2.9,TRUE,Damaged,533,Bulgaria,BG,23.35236429,42.62463087
FB000224,Outerwear,Forever21,Summer,S,Red,206.91,0,206.91,8/6/2025,34,2.3,FALSE,,952,Bulgaria,BG,23.32066068,42.69458984
FB000225,Dresses,Gap,Winter,XL,Black,85.08,0,85.08,8/6/2025,29,,FALSE,,915,Bulgaria,BG,23.27094704,42.71032935
FB000226,Outerwear,Forever21,Spring,XXL,White,240.32,54.8,108.62,12/27/2024,3,4.5,FALSE,,534,Bulgaria,BG,25.990557,43.85292
FB000227,Dresses,Uniqlo,Fall,XXL,Red,130.12,1.4,128.3,8/6/2025,0,5,FALSE,,397,Bulgaria,BG,24.61684698,43.41188056
FB000228,Bottoms,H&M,Spring,XS,Black,42.29,15.8,35.61,11/2/2024,11,1.6,FALSE,,862,Bulgaria,BG,25.60045593,43.07919267
FB000229,Outerwear,H&M,Spring,S,Beige,191.54,0,191.54,10/10/2024,18,1.2,FALSE,,942,Bulgaria,BG,23.10009406,42.02045629
FB000230,Accessories,Ann Taylor,Spring,,Beige,42.23,0,42.23,7/14/2025,15,,FALSE,,633,Bulgaria,BG,26.3149549,42.68038711
FB000231,Shoes,H&M,Summer,S,Gray,109.76,0,109.76,8/6/2025,16,4.3,FALSE,,672,Bulgaria,BG,24.748597,42.146697
FB000232,Accessories,Mango,Summer,,Red,76.8,43.3,43.55,8/6/2025,24,,FALSE,,415,Bulgaria,BG,24.781753,42.145004
FB000233,Dresses,Forever21,Winter,,Black,56.34,22.4,43.72,8/6/2025,37,2.5,TRUE,Wrong Item,111,Bahrain,BH,50.537677,26.231937
FB000234,Tops,Gap,Fall,,Beige,88.41,0,88.41,8/6/2025,24,4.4,FALSE,,406,Bahrain,BH,50.626863,26.254619
FB000235,Tops,Gap,Spring,S,Black,25.96,0,25.96,10/4/2024,2,1.4,FALSE,,892,Bahrain,BH,50.55361,26.233178
FB000236,Bottoms,Zara,Spring,XXL,Red,60.25,0,60.25,8/16/2024,25,4.1,FALSE,,859,Bahrain,BH,50.585588,26.245962
FB000237,Accessories,H&M,Fall,,Red,52.33,19.1,42.33,8/6/2025,4,,FALSE,,771,Belarus,BY,27.548888,53.90856
FB000238,Accessories,Mango,Fall,,White,67.61,0,67.61,8/6/2025,14,1.8,FALSE,,342,Belarus,BY,27.510048,53.927014
FB000239,Shoes,Forever21,Spring,L,Brown,136,0,136,8/1/2025,46,4.5,FALSE,,414,Belarus,BY,23.853989,53.649905
FB000240,Shoes,Zara,Fall,,Brown,74.48,0,74.48,8/6/2025,24,3.7,FALSE,,303,Canada,CA,-79.38104492,43.65610516
FB000241,Dresses,Forever21,Fall,XS,Pink,101.39,0,101.39,8/6/2025,33,2.4,TRUE,Size Issue,716,Canada,CA,-79.28815542,43.86848576
FB000242,Dresses,Forever21,Fall,XXL,Green,169.68,41.7,98.92,8/6/2025,43,4.6,FALSE,,223,Canada,CA,-79.34598287,43.77769075
FB000243,Accessories,Forever21,Winter,,Purple,52.45,0,52.45,8/6/2025,34,2.1,FALSE,,544,Canada,CA,-79.45285166,43.80647137
FB000244,Shoes,Uniqlo,Summer,XXL,Pink,153.85,47.6,80.62,8/6/2025,12,3.1,FALSE,,621,Canada,CA,-79.53782822,43.82474162
FB000245,Bottoms,Mango,Fall,M,Brown,32.7,50.5,16.19,8/6/2025,46,1.3,FALSE,,606,Canada,CA,-79.3874991,43.66996364
FB000246,Outerwear,Uniqlo,Fall,L,Navy,104.27,54.6,47.34,8/6/2025,42,4.2,FALSE,,920,Canada,CA,-79.45119633,43.7264442
FB000247,Dresses,Forever21,Summer,M,Gray,80.04,50.9,39.3,8/6/2025,45,,FALSE,,243,Canada,CA,-79.68736122,43.46179171
FB000248,Bottoms,Banana Republic,Spring,M,Black,72.07,0,72.07,5/8/2025,20,,TRUE,Color Mismatch,160,Canada,CA,-79.64421769,43.59203126
FB000249,Outerwear,Zara,Fall,M,Green,220.99,0,220.99,8/6/2025,42,3.6,FALSE,,130,Canada,CA,-79.71200438,43.55792312
FB000250,Outerwear,Uniqlo,Fall,XS,Black,117.36,14.6,100.23,8/6/2025,33,,TRUE,Size Issue,584,Canada,CA,-79.25777529,43.77532648
FB000251,Outerwear,Banana Republic,Spring,L,Navy,198.76,48.8,101.77,4/26/2025,36,3,FALSE,,808,Canada,CA,-73.57296686,45.49980408
FB000252,Outerwear,H&M,Fall,L,Black,121.03,0,121.03,8/6/2025,14,1.6,TRUE,Changed Mind,818,Canada,CA,-73.83037468,45.46434653
FB000253,Tops,H&M,Fall,L,White,88.62,0,88.62,8/6/2025,48,2.4,FALSE,,617,Canada,CA,-73.56606347,45.60053446
FB000254,Shoes,H&M,Summer,XL,Green,88.94,0,88.94,8/6/2025,29,3.9,FALSE,,346,Canada,CA,-79.7076006,44.41265728
FB000255,Bottoms,Zara,Winter,S,Black,115.7,17.8,95.11,8/6/2025,32,1.7,FALSE,,119,Canada,CA,-73.4708164,45.4715692
FB000256,Bottoms,Forever21,Fall,XXL,Black,75.66,0,75.66,8/6/2025,20,3,FALSE,,849,Canada,CA,-79.48628545,44.05637882
FB000257,Accessories,Ann Taylor,Winter,,Green,42.11,0,42.11,8/6/2025,26,4,FALSE,,862,Canada,CA,-73.6478594,45.52794465
FB000258,Outerwear,H&M,Spring,XXL,Beige,247.9,4.3,237.24,12/25/2024,25,4.6,FALSE,,742,Canada,CA,-73.81911027,45.63058478
FB000259,Shoes,Banana Republic,Spring,XL,Beige,143.45,0,143.45,9/27/2024,39,,TRUE,Quality Issue,515,Canada,CA,-79.08612025,43.83603949
FB000260,Accessories,Banana Republic,Winter,,Beige,24.96,44.7,13.8,8/6/2025,44,,FALSE,,366,Canada,CA,-79.22390659,43.13720494
FB000261,Outerwear,Forever21,Summer,XL,Navy,109.74,0,109.74,8/6/2025,45,1.9,FALSE,,987,Canada,CA,-79.43615125,43.65634385
FB000262,Dresses,H&M,Summer,XL,Blue,161.14,0,161.14,8/6/2025,44,1.6,FALSE,,523,Canada,CA,-83.0024404,42.27542204
FB000263,Outerwear,Banana Republic,Spring,XXL,Brown,220.14,9.2,199.89,6/27/2025,23,4.8,FALSE,,312,Canada,CA,-81.22439596,42.93028331
FB000264,Dresses,Forever21,Summer,S,Pink,57.33,0,57.33,8/6/2025,23,2,FALSE,,832,Canada,CA,-122.7984078,49.2805709
FB000265,Bottoms,Zara,Fall,XXL,Blue,108.24,0,108.24,8/6/2025,8,2.3,FALSE,,199,Canada,CA,-79.39550561,43.64881409
FB000266,Accessories,Banana Republic,Summer,,Gray,67.93,0,67.93,8/6/2025,22,4.6,FALSE,,133,Canada,CA,-79.86087286,43.21855582
FB000267,Dresses,Zara,Winter,XS,Blue,168.96,0,168.96,8/6/2025,9,,FALSE,,753,Canada,CA,-113.6254466,53.523107
FB000268,Tops,Ann Taylor,Fall,S,White,90.63,0,90.63,8/6/2025,33,4.2,FALSE,,124,Canada,CA,-123.1173327,49.28324141
FB000269,Accessories,Mango,Spring,,Green,72.3,0.4,72.01,12/29/2024,38,3,TRUE,Color Mismatch,664,Canada,CA,-71.30063223,46.83083873
FB000270,Bottoms,H&M,Winter,S,Beige,27.98,0,27.98,8/6/2025,0,3,FALSE,,655,Canada,CA,-71.28507934,46.77002406
FB000271,Dresses,Forever21,Summer,,Navy,92.73,0,92.73,8/6/2025,15,1.4,FALSE,,139,Canada,CA,-113.9943961,51.20327075
FB000272,Bottoms,Mango,Summer,XXL,White,64.28,0,64.28,8/6/2025,46,3,FALSE,,823,Canada,CA,-71.95256106,45.40133041
FB000273,Dresses,Ann Taylor,Fall,M,Black,133.12,0,133.12,8/6/2025,35,1.9,FALSE,,192,Canada,CA,-113.8080317,52.24262461
FB000274,Tops,Gap,Winter,XXL,Brown,70.36,0,70.36,8/6/2025,0,,FALSE,,112,Canada,CA,-64.76225193,46.0958172
FB000275,Outerwear,Uniqlo,Summer,XL,Pink,199.01,0,199.01,8/6/2025,8,4.4,FALSE,,749,Canada,CA,-63.61812796,44.64925022
FB000276,Bottoms,H&M,Summer,L,Navy,62.41,37.1,39.26,8/6/2025,6,4.1,FALSE,,148,Canada,CA,-79.81951586,43.32508505
FB000277,Shoes,Uniqlo,Summer,XS,Black,71.44,0,71.44,8/6/2025,45,4,FALSE,,144,Canada,CA,-79.69291623,43.61296933
FB000278,Dresses,Zara,Winter,,Blue,89.69,0,89.69,8/6/2025,50,4.3,FALSE,,477,Canada,CA,-73.4231783,46.032889
FB000279,Outerwear,Mango,Spring,XXL,Gray,161.65,10.2,145.16,3/30/2025,42,,FALSE,,114,Canada,CA,-113.4824987,53.4432065
FB000280,Accessories,Uniqlo,Winter,,White,46.59,0,46.59,8/6/2025,29,4.8,FALSE,,433,Canada,CA,-114.0720506,51.04644661
FB000281,Accessories,Zara,Fall,,Pink,74.2,0,74.2,8/6/2025,22,1.7,FALSE,,156,Canada,CA,-122.998911,49.22603446
FB000282,Bottoms,Uniqlo,Fall,S,Brown,99.67,0,99.67,8/6/2025,13,5,FALSE,,593,Canada,CA,-79.72271619,43.71618196
FB000283,Shoes,Forever21,Fall,XS,Purple,112.74,23,86.81,8/6/2025,37,1,FALSE,,274,Canada,CA,-80.52745185,43.49721371
FB000284,Tops,Banana Republic,Summer,S,Black,95.82,39.4,58.07,8/6/2025,6,,TRUE,Damaged,599,Canada,CA,-78.33198194,44.28174732
FB000285,Shoes,Ann Taylor,Winter,M,Green,157.42,0,157.42,8/6/2025,38,2.4,FALSE,,810,Canada,CA,-75.51590995,45.47767728
FB000286,Accessories,Zara,Fall,,Red,60.17,14.1,51.69,8/6/2025,38,5,FALSE,,125,Canada,CA,-97.19882149,49.88439122
FB000287,Outerwear,Mango,Winter,XL,Pink,169.03,0,169.03,8/6/2025,16,1.7,FALSE,,614,Canada,CA,-76.57309692,44.2564157
FB000288,Dresses,Uniqlo,Fall,S,Pink,175.86,0,175.86,8/6/2025,0,4.6,FALSE,,990,Canada,CA,-122.8045721,49.18895819
FB000289,Shoes,Mango,Summer,,Brown,169.75,0,169.75,8/6/2025,5,2.7,FALSE,,380,Canada,CA,-114.0743185,50.99637929
FB000290,Accessories,H&M,Summer,,Red,51.77,24.3,39.19,8/6/2025,50,3.7,FALSE,,267,Canada,CA,-122.3791305,49.05799661
FB000291,Tops,Mango,Fall,M,Black,83.09,0,83.09,8/6/2025,22,2.3,FALSE,,439,Canada,CA,-75.80551535,45.3476976
FB000292,Outerwear,Ann Taylor,Winter,XS,Purple,176.1,0,176.1,8/6/2025,12,4.6,FALSE,,283,Canada,CA,-73.37837486,45.50623642
FB000293,Bottoms,Mango,Fall,M,Blue,69.11,0,69.11,8/6/2025,18,3.9,FALSE,,147,Canada,CA,-123.3760755,48.45499311
FB000294,Shoes,Zara,Spring,S,Purple,117.85,0,117.85,12/23/2024,34,3.3,FALSE,,602,Canada,CA,-79.55885658,43.6126432
FB000295,Shoes,Banana Republic,Fall,M,Purple,96.17,36,61.55,8/6/2025,45,3.5,FALSE,,396,Canada,CA,-123.1379871,49.16803631
FB000296,Shoes,Zara,Spring,XXL,Red,80.14,0,80.14,3/31/2025,10,5,FALSE,,180,Canada,CA,-82.35326727,42.98312329
FB000297,Accessories,Gap,Summer,,Pink,55.08,13,47.92,8/6/2025,17,3.9,FALSE,,284,Canada,CA,-84.33826279,46.51167424
FB000298,Dresses,Mango,Fall,S,Pink,165.84,50.4,82.26,8/6/2025,17,3.2,TRUE,Damaged,789,Canada,CA,-80.23855596,43.51780381
FB000299,Dresses,Gap,Summer,XXL,Red,82.7,0,82.7,8/6/2025,20,4,FALSE,,437,Canada,CA,-73.75123022,45.56956926
FB000300,Outerwear,Banana Republic,Spring,S,Purple,222.86,6.6,208.15,12/19/2024,29,2.1,FALSE,,654,Canada,CA,-73.61526198,45.44701771
FB000301,Tops,Mango,Winter,L,Gray,107.15,0,107.15,8/6/2025,33,,TRUE,Wrong Item,784,Canada,CA,-71.05441047,48.40600903
FB000302,Shoes,H&M,Fall,XXL,Gray,85.54,0,85.54,8/6/2025,30,,FALSE,,308,Canada,CA,-75.69169564,45.42606423
FB000303,Bottoms,Mango,Summer,XL,Green,34.36,5.4,32.5,8/6/2025,49,4.5,FALSE,,682,Canada,CA,-75.69503652,45.47608457
FB000304,Bottoms,Mango,Winter,XL,Black,111.25,42.2,64.3,8/6/2025,34,3,FALSE,,654,Canada,CA,-73.45934649,45.74142146
FB000305,Tops,Zara,Spring,XXL,Pink,39.97,35.2,25.9,1/22/2025,15,2.3,FALSE,,643,Canada,CA,-72.58771603,46.35525788
FB000306,Shoes,Forever21,Summer,M,White,60.34,0,60.34,8/6/2025,4,,FALSE,,277,Canada,CA,-79.65079267,44.20009276
FB000307,Accessories,Gap,Summer,,Blue,17.7,0,17.7,8/6/2025,42,3.9,FALSE,,238,Canada,CA,-123.0858078,49.03887205
FB000308,Bottoms,Mango,Summer,M,White,57.88,0,57.88,8/6/2025,39,3,FALSE,,872,Canada,CA,-81.27928919,43.0250063
FB000309,Tops,Mango,Summer,S,Blue,25.15,0,25.15,8/6/2025,34,2.6,FALSE,,744,Canada,CA,-63.14424586,46.26570072
FB000310,Outerwear,Mango,Spring,L,Purple,157.45,0,157.45,5/26/2025,7,2.9,FALSE,,880,Canada,CA,-79.43621678,43.85336117
FB000311,Bottoms,H&M,Winter,L,Purple,65.72,9.1,59.74,8/6/2025,10,2.8,TRUE,Quality Issue,176,Canada,CA,-66.01450906,45.30738648
FB000312,Dresses,Forever21,Winter,XXL,Brown,92.8,0,92.8,8/6/2025,25,2.5,FALSE,,410,Canada,CA,-78.87919156,43.88832679
FB000313,Dresses,Banana Republic,Winter,XL,Blue,88.65,0,88.65,8/6/2025,11,3.3,FALSE,,275,Canada,CA,-113.5052046,53.56235779
FB000314,Tops,Zara,Winter,XXL,Beige,47.07,57.4,20.05,8/6/2025,24,1.3,TRUE,Size Issue,414,Canada,CA,-104.6105871,50.45065076
FB000315,Outerwear,Ann Taylor,Summer,XS,Red,101.75,0,101.75,8/6/2025,7,3.1,FALSE,,692,Canada,CA,-52.752328,47.559315
FB000316,Dresses,Mango,Spring,XS,Blue,131.08,7.5,121.25,12/4/2024,20,4.5,TRUE,Wrong Item,483,Canada,CA,-123.1390803,49.326461
FB000317,Tops,Zara,Fall,XS,Black,82.06,26.1,60.64,8/6/2025,32,1.5,FALSE,,993,Canada,CA,-97.05821309,49.89772368
FB000318,Dresses,H&M,Summer,L,Purple,66.31,0,66.31,8/6/2025,47,3.9,FALSE,,689,Canada,CA,-113.445929,53.60305
FB000319,Accessories,Uniqlo,Fall,,Green,26.03,0,26.03,8/6/2025,15,3.8,FALSE,,907,Canada,CA,-113.5538417,53.30343629
FB000320,Shoes,Uniqlo,Spring,S,Beige,152.53,0,152.53,11/21/2024,24,4.2,FALSE,,722,Canada,CA,-122.675288,49.114724
FB000321,Bottoms,Mango,Fall,S,Beige,26.16,16.2,21.92,8/6/2025,13,2.3,FALSE,,561,Canada,CA,-114.0440977,51.1095123
FB000322,Dresses,Uniqlo,Winter,XXL,Blue,89.17,10.8,79.54,8/6/2025,27,3.3,FALSE,,994,Canada,CA,-63.5620529,44.6864654
FB000323,Bottoms,H&M,Spring,,White,106.37,0,106.37,4/6/2025,37,4.9,FALSE,,890,Canada,CA,-73.92125378,45.67339023
FB000324,Dresses,Mango,Fall,XL,White,80.95,36.8,51.16,8/6/2025,16,2.5,FALSE,,370,Canada,CA,-114.0659611,50.9529869
FB000325,Outerwear,Banana Republic,Summer,M,Navy,169.84,50.2,84.58,8/6/2025,21,3,TRUE,Quality Issue,182,Canada,CA,-73.4368136,45.4450635
FB000326,Dresses,Forever21,Fall,M,Green,159.4,8.8,145.37,8/6/2025,43,4.5,FALSE,,324,Canada,CA,-106.667938,52.127772
FB000327,Bottoms,Forever21,Winter,S,Black,106.53,46.5,56.99,8/6/2025,17,,FALSE,,625,Canada,CA,-80.240149,43.171367
FB000328,Accessories,Gap,Spring,,Black,78.81,44.7,43.58,9/13/2024,34,1.4,FALSE,,420,Canada,CA,-123.0007944,49.2684831
FB000329,Outerwear,Uniqlo,Summer,XS,Gray,117.45,29.5,82.8,8/6/2025,43,1.2,FALSE,,688,Canada,CA,-80.946581,46.519943
FB000330,Accessories,Gap,Spring,,Beige,76.94,0,76.94,6/13/2025,21,4.3,FALSE,,322,Canada,CA,-97.212782,49.845708
FB000331,Outerwear,Gap,Summer,L,White,232.19,0,232.19,8/6/2025,31,1.3,TRUE,Changed Mind,312,Switzerland,CH,8.595558,47.408029
FB000332,Dresses,Forever21,Fall,XS,Navy,80.4,52.1,38.51,8/6/2025,7,1.2,FALSE,,532,Switzerland,CH,6.14825,46.203171
FB000333,Bottoms,Mango,Summer,XL,Black,102.82,0,102.82,8/6/2025,50,3.6,FALSE,,113,Switzerland,CH,9.553446,46.963757
FB000334,Accessories,Zara,Spring,,Navy,48.5,0,48.5,5/9/2025,46,,FALSE,,477,Switzerland,CH,8.49888,47.38641
FB000335,Bottoms,Mango,Fall,,Pink,88.4,0,88.4,8/6/2025,1,1.4,FALSE,,190,Switzerland,CH,8.358630534,47.09356504
FB000336,Shoes,Mango,Winter,S,Black,112.5,0,112.5,8/6/2025,11,4.3,FALSE,,427,Switzerland,CH,8.896486912,47.55629418
FB000337,Bottoms,Zara,Fall,XXL,Gray,97.95,11.1,87.08,8/6/2025,25,2.4,FALSE,,699,Switzerland,CH,6.841112472,46.46319855
FB000338,Outerwear,H&M,Summer,M,Pink,114.51,36.9,72.26,8/6/2025,33,1.5,FALSE,,909,Switzerland,CH,8.309590946,47.05015142
FB000339,Bottoms,Zara,Winter,XS,Brown,27.85,0,27.85,8/6/2025,0,1.5,FALSE,,539,Switzerland,CH,8.73058472,47.4997725
FB000340,Shoes,Ann Taylor,Spring,XL,Blue,82.08,40.6,48.76,5/23/2025,43,2.5,TRUE,Quality Issue,929,Switzerland,CH,8.7127762,47.4951308
FB000341,Bottoms,Mango,Summer,S,Black,116.41,40.7,69.03,8/6/2025,23,1.2,FALSE,,401,Switzerland,CH,7.372968746,46.94389591
FB000342,Bottoms,Ann Taylor,Spring,M,White,95.61,0,95.61,6/10/2025,47,4.7,TRUE,Quality Issue,393,Switzerland,CH,6.9105493,46.4318812
FB000343,Shoes,Mango,Fall,M,White,70.04,0,70.04,8/6/2025,12,2.4,FALSE,,680,Switzerland,CH,7.0069624,47.0116221
FB000344,Shoes,Banana Republic,Winter,S,Gray,112.59,54,51.79,8/6/2025,17,4,FALSE,,987,Switzerland,CH,9.651221976,47.45010971
FB000345,Accessories,Zara,Summer,,Purple,26.8,0.9,26.56,8/6/2025,25,1.2,TRUE,Color Mismatch,372,Switzerland,CH,7.2956158,46.225033
FB000346,Tops,H&M,Summer,L,Blue,50.09,0,50.09,8/6/2025,47,4,FALSE,,415,Switzerland,CH,9.434411071,47.04090305
FB000347,Bottoms,Mango,Spring,XS,Green,92.84,4.2,88.94,1/13/2025,0,,TRUE,Size Issue,760,Switzerland,CH,9.17311,47.6505
FB000348,Tops,Uniqlo,Summer,XXL,Gray,114.63,0,114.63,8/6/2025,47,3.8,TRUE,Changed Mind,337,Switzerland,CH,7.266983986,47.11967244
FB000349,Accessories,Gap,Summer,,Purple,21.9,29.2,15.51,8/6/2025,35,2,FALSE,,535,Switzerland,CH,8.35567,46.96461
FB000350,Dresses,Zara,Spring,XS,Navy,100.55,46.7,53.59,2/1/2025,30,,FALSE,,335,Switzerland,CH,7.802267075,47.31744304
FB000351,Accessories,Forever21,Summer,,Brown,47.45,16.4,39.67,8/6/2025,33,1.7,FALSE,,669,Switzerland,CH,9.50818634,46.84716626
FB000352,Bottoms,H&M,Summer,XL,Brown,113.21,0,113.21,8/6/2025,8,2.7,FALSE,,430,Switzerland,CH,7.360646725,46.23162059
FB000353,Dresses,Banana Republic,Spring,XS,Black,163.27,0,163.27,4/23/2025,24,2.5,FALSE,,308,Switzerland,CH,7.607560158,46.74377204
FB000354,Accessories,Uniqlo,Fall,,Black,44.58,0,44.58,8/6/2025,21,,FALSE,,487,Switzerland,CH,9.47549665,47.16642638
FB000355,Dresses,Forever21,Summer,L,Red,166.53,0,166.53,8/6/2025,28,1.7,FALSE,,171,Switzerland,CH,7.076869011,46.11177193
FB000356,Shoes,Banana Republic,Summer,XL,Pink,144.61,0,144.61,8/6/2025,21,2.5,FALSE,,642,Switzerland,CH,8.544788361,47.40961911
FB000357,Accessories,Mango,Fall,,Navy,31,0,31,8/6/2025,29,1.9,FALSE,,437,Switzerland,CH,7.9701497,46.3087216
FB000358,Accessories,Forever21,Winter,,Pink,68.57,29.4,48.41,8/6/2025,4,3.5,FALSE,,800,Switzerland,CH,9.81993,46.79078
FB000359,Dresses,Forever21,Summer,L,Red,73.04,56.5,31.77,8/6/2025,15,3,TRUE,Changed Mind,664,Switzerland,CH,6.612295885,46.55935826
FB000360,Tops,H&M,Spring,L,Purple,95.19,0,95.19,2/9/2025,13,4.1,FALSE,,856,Switzerland,CH,8.67221,47.38153
FB000361,Tops,Gap,Winter,XS,Purple,104.94,0,104.94,8/6/2025,42,2,FALSE,,198,Switzerland,CH,8.819163429,47.30665981
FB000362,Bottoms,Gap,Spring,XXL,Beige,97.29,0,97.29,7/29/2025,42,4.5,FALSE,,149,Switzerland,CH,8.621143341,47.41545354
FB000363,Shoes,Mango,Winter,L,White,83.05,39.8,50,8/6/2025,5,3.4,FALSE,,199,Switzerland,CH,8.540501118,47.51025285
FB000364,Outerwear,Uniqlo,Fall,S,Beige,86.13,0,86.13,8/6/2025,28,2.7,FALSE,,983,Switzerland,CH,7.789554112,47.21198076
FB000365,Bottoms,Banana Republic,Summer,S,White,104.13,28.7,74.24,8/6/2025,23,3.1,FALSE,,955,Switzerland,CH,8.561254029,47.45032574
FB000366,Accessories,Uniqlo,Fall,,Green,41.7,0,41.7,8/6/2025,18,3.2,FALSE,,137,Switzerland,CH,8.792521908,47.20119178
FB000367,Outerwear,Banana Republic,Spring,L,White,80.11,0,80.11,4/16/2025,34,1.8,FALSE,,929,Switzerland,CH,6.148040017,46.20273586
FB000368,Tops,Ann Taylor,Fall,L,White,97.84,0,97.84,8/6/2025,16,,FALSE,,491,Switzerland,CH,7.535936878,47.20684286
FB000369,Bottoms,Gap,Fall,XL,Beige,77.37,35.2,50.14,8/6/2025,14,2.3,FALSE,,441,Switzerland,CH,7.589426202,47.55665739
FB000370,Accessories,H&M,Fall,,Red,36.35,37.6,22.68,8/6/2025,49,4,TRUE,Changed Mind,676,Switzerland,CH,6.238362193,46.38221695
FB000371,Outerwear,Banana Republic,Winter,XXL,Green,181.04,20.2,144.47,8/6/2025,17,,TRUE,Size Issue,112,Switzerland,CH,6.1601559,46.2007782
FB000372,Outerwear,Zara,Spring,XL,Black,158.37,0,158.37,2/15/2025,33,,FALSE,,755,Switzerland,CH,6.9300578,46.990491
FB000373,Shoes,Forever21,Summer,XXL,Purple,91.98,0,91.98,8/6/2025,48,3.9,FALSE,,822,Switzerland,CH,7.44686,46.94802
FB000374,Shoes,Zara,Winter,S,Brown,140.29,55.3,62.71,8/6/2025,5,4.4,FALSE,,341,Switzerland,CH,8.54318,47.37117
FB000375,Tops,Uniqlo,Spring,XL,Red,26.01,0,26.01,2/23/2025,9,4,FALSE,,202,Switzerland,CH,8.370247373,47.42270615
FB000376,Tops,Forever21,Winter,XL,Blue,51.06,9.5,46.21,8/6/2025,34,1.1,FALSE,,842,Switzerland,CH,8.538388028,47.37438166
FB000377,Outerwear,Gap,Fall,XS,Red,132.92,0,132.92,8/6/2025,36,1.2,FALSE,,724,Switzerland,CH,7.532231826,46.29296122
FB000378,Accessories,Gap,Fall,,Purple,16.57,0,16.57,8/6/2025,17,,FALSE,,949,Switzerland,CH,8.300118845,47.01729907
FB000379,Bottoms,Forever21,Winter,XS,Black,78.6,45.8,42.6,8/6/2025,6,2.7,FALSE,,430,Switzerland,CH,7.5929519,47.5613225
FB000380,Accessories,Mango,Summer,,Brown,69.38,0,69.38,8/6/2025,43,2.4,FALSE,,799,Switzerland,CH,7.493662601,47.01692416
FB000381,Accessories,Mango,Fall,,Pink,23.58,0,23.58,8/6/2025,16,1.3,FALSE,,648,Switzerland,CH,6.626983,46.5227555
FB000382,Tops,H&M,Spring,XS,Navy,119.91,27.8,86.58,9/28/2024,12,1.7,FALSE,,948,Switzerland,CH,8.5395209,47.3758357
FB000383,Outerwear,H&M,Summer,M,Black,111.05,1.4,109.5,8/6/2025,7,2.8,FALSE,,735,Switzerland,CH,6.113016,46.2189656
FB000384,Accessories,Banana Republic,Summer,,Gray,60.22,0,60.22,8/6/2025,6,2.1,FALSE,,145,Switzerland,CH,6.1435271,46.2097023
FB000385,Outerwear,Gap,Winter,M,Navy,133.52,0,133.52,8/6/2025,27,3.6,FALSE,,121,Switzerland,CH,8.516989909,47.17287803
FB000386,Dresses,Banana Republic,Spring,XL,Brown,54.97,49.6,27.7,10/8/2024,48,4.5,FALSE,,874,Switzerland,CH,9.02658,45.83537
FB000387,Tops,Uniqlo,Winter,L,White,85.94,0,85.94,8/6/2025,42,4.3,FALSE,,162,Switzerland,CH,6.633176442,46.5212317
FB000388,Accessories,H&M,Fall,,Black,24.64,0,24.64,8/6/2025,6,4.4,FALSE,,264,Switzerland,CH,6.9371514,46.2775737
FB000389,Accessories,Banana Republic,Spring,,Blue,28.82,0,28.82,10/23/2024,30,2.8,FALSE,,560,Switzerland,CH,7.441413985,46.94802128
FB000390,Shoes,Forever21,Summer,L,Pink,79.59,24.3,60.25,8/6/2025,37,1.7,FALSE,,800,Switzerland,CH,6.636616588,46.78049045
FB000391,Dresses,Gap,Fall,XL,Blue,49.44,0,49.44,8/6/2025,19,3.4,FALSE,,403,Switzerland,CH,8.305926,47.053027
FB000392,Tops,Mango,Winter,XS,Blue,41.46,0,41.46,8/6/2025,36,3.5,FALSE,,633,Switzerland,CH,8.595471382,47.40825407
FB000393,Dresses,Uniqlo,Fall,XS,Beige,131.76,35.4,85.12,8/6/2025,21,4.7,FALSE,,886,Switzerland,CH,9.376108457,47.42459017
FB000394,Bottoms,Mango,Fall,M,Blue,56.53,27.9,40.76,8/6/2025,22,,FALSE,,612,Switzerland,CH,8.645855515,47.01541489
FB000395,Tops,Zara,Winter,,Blue,111.72,33.3,74.52,8/6/2025,47,2,TRUE,Quality Issue,307,Switzerland,CH,6.569266319,46.55443378
FB000396,Tops,Zara,Winter,L,Beige,99.96,47.6,52.38,8/6/2025,18,2,TRUE,Quality Issue,493,Switzerland,CH,8.3080665,47.4749698
FB000397,Dresses,Uniqlo,Fall,XS,Red,110.04,57.1,47.21,8/6/2025,0,4.7,FALSE,,995,Switzerland,CH,7.078632931,46.78761662
FB000398,Dresses,Forever21,Winter,L,Blue,141.84,0,141.84,8/6/2025,39,1.7,FALSE,,304,Switzerland,CH,8.286566734,47.07402385
FB000399,Accessories,H&M,Winter,,Brown,32.63,42.9,18.63,8/6/2025,5,1.1,FALSE,,153,Switzerland,CH,8.95076,46.00488
FB000400,Outerwear,Zara,Spring,L,Black,189.68,40.8,112.29,9/21/2024,27,1.8,TRUE,Damaged,941,Switzerland,CH,7.619722391,47.54097358
FB000401,Dresses,Ann Taylor,Fall,XL,Pink,150.89,46.8,80.27,8/6/2025,18,4.9,FALSE,,936,Switzerland,CH,8.927087635,45.97485076
FB000402,Accessories,Gap,Fall,,Navy,42.66,21.5,33.49,8/6/2025,16,,FALSE,,252,Switzerland,CH,7.152187617,46.80297993
FB000403,Accessories,Uniqlo,Fall,,Red,62.05,0,62.05,8/6/2025,50,1.4,TRUE,Changed Mind,963,Switzerland,CH,6.157842708,46.33435417
FB000404,Accessories,Banana Republic,Winter,,Green,74.32,0,74.32,8/6/2025,4,2.2,FALSE,,576,Switzerland,CH,9.5316411,46.8524277
FB000405,Outerwear,Uniqlo,Winter,XS,Navy,217.34,0,217.34,8/6/2025,4,4.2,FALSE,,651,Switzerland,CH,8.855066299,46.17499417
FB000406,Tops,Zara,Summer,XL,White,111.14,56.7,48.12,8/6/2025,29,1.5,FALSE,,902,Switzerland,CH,8.819622758,47.22696699
FB000407,Shoes,H&M,Winter,XL,Navy,62.5,0,62.5,8/6/2025,0,1.9,TRUE,Changed Mind,345,Switzerland,CH,7.912549237,47.31215664
FB000408,Outerwear,Banana Republic,Winter,XS,Blue,165.88,3.4,160.24,8/6/2025,42,2.4,FALSE,,182,Switzerland,CH,6.943112612,46.99542405
FB000409,Outerwear,Gap,Fall,XS,Brown,179.8,0,179.8,8/6/2025,25,1.7,FALSE,,237,Switzerland,CH,8.522903743,47.35872182
FB000410,Accessories,Zara,Summer,,Beige,34.15,0,34.15,8/6/2025,27,4.1,FALSE,,224,Switzerland,CH,8.05857,47.39856
FB000411,Tops,Gap,Spring,XS,Green,101.88,0,101.88,3/14/2025,46,,TRUE,Size Issue,623,Switzerland,CH,8.66545818,47.72107456
FB000412,Shoes,Banana Republic,Summer,XL,Blue,187.58,0,187.58,8/6/2025,46,2.9,FALSE,,321,Switzerland,CH,9.3048858,47.4078464
FB000413,Outerwear,Ann Taylor,Fall,L,Pink,145.02,0,145.02,8/6/2025,36,2.6,FALSE,,546,Switzerland,CH,6.8169342,47.0948083
FB000414,Bottoms,Gap,Summer,XS,Blue,101.61,26.9,74.28,8/6/2025,38,3.4,TRUE,Damaged,354,Switzerland,CH,9.045803547,47.46539579
FB000415,Dresses,H&M,Fall,XXL,Beige,71.14,0,71.14,8/6/2025,33,3.1,FALSE,,384,Switzerland,CH,8.644738197,46.85511781
FB000416,Dresses,Ann Taylor,Summer,M,Green,55.21,0,55.21,8/6/2025,2,3.8,TRUE,Wrong Item,937,Chile,CL,-70.60544014,-33.41742542
FB000417,Tops,Zara,Summer,XXL,Black,94.96,35.4,61.34,8/6/2025,34,3.9,FALSE,,266,Chile,CL,-70.5462835,-33.3908732
FB000418,Shoes,Mango,Spring,M,Purple,138.69,0,138.69,12/2/2024,0,2.9,FALSE,,705,Chile,CL,-70.60848192,-33.51067495
FB000419,Outerwear,Gap,Spring,XXL,Navy,175.7,0,175.7,2/23/2025,20,3,FALSE,,885,Chile,CL,-70.59810431,-33.39889838
FB000420,Shoes,Uniqlo,Summer,XS,Black,145.18,35.7,93.35,8/6/2025,25,2.2,FALSE,,679,Chile,CL,-70.540617,-33.415216
FB000421,Dresses,Mango,Summer,M,Black,169.34,44.6,93.81,8/6/2025,37,2.7,FALSE,,549,Chile,CL,-70.654389,-33.424479
FB000422,Tops,Uniqlo,Summer,L,Red,103.14,0,103.14,8/6/2025,13,4.5,FALSE,,590,Chile,CL,-70.649215,-33.439514
FB000423,Tops,Mango,Fall,M,Beige,97.47,32,66.28,8/6/2025,27,3,FALSE,,164,Chile,CL,-73.06670386,-36.79222038
FB000424,Dresses,Ann Taylor,Spring,M,Navy,50.69,26.3,37.36,10/29/2024,37,4.1,FALSE,,977,Chile,CL,-72.935546,-41.472962
FB000425,Outerwear,Banana Republic,Fall,XL,Black,127.75,0,127.75,8/6/2025,32,3.6,FALSE,,776,Chile,CL,-70.750988,-33.481508
FB000426,Tops,Forever21,Winter,XL,Black,111.64,0,111.64,8/6/2025,13,4.8,FALSE,,956,Chile,CL,-71.33790979,-29.95782504
FB000427,Shoes,Uniqlo,Fall,,Purple,134.6,11.6,118.99,8/6/2025,47,3.9,FALSE,,923,Chile,CL,-70.40256621,-23.64660365
FB000428,Bottoms,Zara,Spring,XXL,Purple,56.05,0,56.05,7/16/2025,9,,FALSE,,539,Chile,CL,-70.67837428,-33.36600028
FB000429,Dresses,Banana Republic,Fall,XL,Purple,106.2,0,106.2,8/6/2025,35,4.5,FALSE,,146,Chile,CL,-70.7178874,-33.5170528
FB000430,Shoes,Mango,Fall,,Green,104.26,20.6,82.78,8/6/2025,31,3,FALSE,,195,Chile,CL,-72.610614,-38.735021
FB000431,Accessories,Uniqlo,Spring,,Purple,24.53,0,24.53,8/20/2024,44,4.2,FALSE,,773,Chile,CL,-71.54658954,-33.00970094
FB000432,Shoes,Mango,Spring,L,Green,131.25,0,131.25,6/18/2025,12,1.6,FALSE,,702,Chile,CL,-71.24489805,-34.99022133
FB000433,Bottoms,Forever21,Fall,M,Red,72.85,0,72.85,8/6/2025,25,3.8,FALSE,,905,Chile,CL,-73.24382076,-39.81429671
FB000434,Shoes,Zara,Winter,XS,Green,135.39,0,135.39,8/6/2025,26,3.9,FALSE,,360,Chile,CL,-70.575677,-33.401303
FB000435,Shoes,Zara,Winter,XL,Navy,166.94,4.2,159.93,8/6/2025,17,2.6,TRUE,Color Mismatch,650,Mainland China,CN,121.5262541,29.89605823
FB000436,Shoes,Banana Republic,Spring,XL,Green,135.36,41.7,78.91,12/20/2024,17,4.3,FALSE,,542,Mainland China,CN,120.07514,29.306757
FB000437,Bottoms,Ann Taylor,Spring,L,Blue,96.05,0,96.05,9/9/2024,15,4,FALSE,,450,Mainland China,CN,120.58529,31.298979
FB000438,Outerwear,H&M,Summer,L,Red,116.1,0,116.1,8/6/2025,27,3.6,TRUE,Changed Mind,728,Mainland China,CN,120.390479,36.11388
FB000439,Shoes,Mango,Fall,L,Black,91.53,0,91.53,8/6/2025,8,1.5,FALSE,,225,Mainland China,CN,102.6539565,25.06327187
FB000440,Bottoms,Zara,Winter,XS,Gray,102.16,0,102.16,8/6/2025,50,,FALSE,,844,Mainland China,CN,123.4387676,41.75084551
FB000441,Shoes,Uniqlo,Winter,L,Gray,67.74,3.3,65.5,8/6/2025,23,1.5,FALSE,,300,Mainland China,CN,116.840325,40.36590951
FB000442,Accessories,Banana Republic,Winter,,Green,38.34,0,38.34,8/6/2025,14,1.4,FALSE,,949,Mainland China,CN,113.472952,23.17212
FB000443,Accessories,Zara,Winter,,Gray,60.49,0,60.49,8/6/2025,30,2.5,FALSE,,142,Mainland China,CN,122.12042,37.513068
FB000444,Outerwear,Banana Republic,Spring,L,Navy,90.27,0,90.27,4/16/2025,35,4.2,FALSE,,758,Mainland China,CN,121.414037,31.217111
FB000445,Accessories,Banana Republic,Summer,,Red,45.42,0,45.42,8/6/2025,36,1.3,FALSE,,954,Mainland China,CN,117.169269,39.093867
FB000446,Tops,Ann Taylor,Spring,,Purple,58.56,0,58.56,1/23/2025,21,2.3,FALSE,,508,Mainland China,CN,114.192439,22.643171
FB000447,Dresses,H&M,Summer,L,Pink,167.64,0,167.64,8/6/2025,18,4.1,FALSE,,862,Mainland China,CN,112.8688857,23.17313077
FB000448,Outerwear,Zara,Fall,XXL,Red,193.14,0,193.14,8/6/2025,7,3.5,FALSE,,230,Mainland China,CN,114.886335,40.767545
FB000449,Accessories,Gap,Winter,,Gray,60.06,15.6,50.69,8/6/2025,49,2,TRUE,Color Mismatch,934,Mainland China,CN,121.4769626,31.21015739
FB000450,Bottoms,Banana Republic,Fall,M,Gray,35.37,0,35.37,8/6/2025,29,4.7,FALSE,,576,Mainland China,CN,112.5345736,32.98728034
FB000451,Accessories,Mango,Summer,,Purple,39.85,0,39.85,8/6/2025,28,2.4,FALSE,,706,Mainland China,CN,113.647129,34.81872698
FB000452,Tops,Zara,Winter,XL,Black,85.34,59.4,34.65,8/6/2025,5,4.9,FALSE,,622,Mainland China,CN,104.643215,28.751769
FB000453,Bottoms,Forever21,Fall,XXL,White,81.17,0,81.17,8/6/2025,21,1.2,FALSE,,604,Mainland China,CN,109.4098062,24.32045219
FB000454,Accessories,Ann Taylor,Spring,,White,16.81,0,16.81,7/31/2025,16,2.8,FALSE,,994,Mainland China,CN,118.7273541,32.12729731
FB000455,Tops,Ann Taylor,Winter,XL,Black,115.71,55,52.07,8/6/2025,6,1.6,FALSE,,947,Mainland China,CN,113.3806658,22.53341053
FB000456,Bottoms,Mango,Summer,XXL,Pink,49.87,0,49.87,8/6/2025,17,2.1,FALSE,,359,Mainland China,CN,117.2892102,31.85814363
FB000457,Shoes,Mango,Fall,XS,Beige,107.96,52.9,50.85,8/6/2025,2,4.9,FALSE,,445,Mainland China,CN,120.2092937,29.28365919
FB000458,Shoes,Mango,Summer,M,Black,138.35,31.7,94.49,8/6/2025,3,2.5,FALSE,,600,Mainland China,CN,117.944232,40.9785909
FB000459,Tops,Gap,Spring,XS,Red,32.01,0,32.01,5/9/2025,43,3.4,TRUE,Wrong Item,821,Mainland China,CN,114.4784249,38.04267878
FB000460,Dresses,H&M,Fall,XS,Black,129.08,50.6,63.77,8/6/2025,10,4.4,FALSE,,448,Mainland China,CN,120.2291437,35.95907969
FB000461,Dresses,Banana Republic,Winter,M,Gray,68.57,56.4,29.9,8/6/2025,30,1.8,FALSE,,787,Mainland China,CN,114.345201,22.699019
FB000462,Accessories,H&M,Winter,,Gray,46.46,0,46.46,8/6/2025,30,,FALSE,,429,Mainland China,CN,113.1966268,23.13828695
FB000463,Outerwear,Banana Republic,Fall,XXL,White,124.68,58.2,52.12,8/6/2025,44,3.2,FALSE,,554,Mainland China,CN,114.305393,30.69884215
FB000464,Bottoms,H&M,Spring,XL,Red,36.85,0,36.85,7/3/2025,0,4.4,FALSE,,720,Mainland China,CN,118.675676,24.874132
FB000465,Outerwear,Ann Taylor,Winter,XS,Black,229.63,0.3,228.94,8/6/2025,30,3.4,FALSE,,791,Mainland China,CN,113.3347966,33.73391276
FB000466,Tops,Ann Taylor,Spring,S,Navy,74.09,0,74.09,9/7/2024,35,3.4,FALSE,,174,Mainland China,CN,101.8139296,36.604457
FB000467,Bottoms,Banana Republic,Spring,XS,Brown,27.22,0,27.22,9/9/2024,14,2.4,FALSE,,790,Mainland China,CN,109.1252669,21.45875512
FB000468,Tops,Ann Taylor,Spring,L,Purple,32.64,1.4,32.18,5/6/2025,29,1.5,TRUE,Changed Mind,439,Mainland China,CN,113.4004485,23.1137796
FB000469,Accessories,Zara,Summer,,Purple,30.25,11.8,26.68,8/6/2025,30,3.4,FALSE,,217,Mainland China,CN,87.308225,44.011183
FB000470,Outerwear,Uniqlo,Summer,S,Brown,180.57,0,180.57,8/6/2025,28,,FALSE,,300,Mainland China,CN,103.834304,36.061089
FB000471,Bottoms,Uniqlo,Summer,XS,White,96.55,0,96.55,8/6/2025,17,4.4,FALSE,,314,Mainland China,CN,115.670177,37.73892
FB000472,Bottoms,Ann Taylor,Fall,,Pink,68.53,54.3,31.32,8/6/2025,38,2.9,FALSE,,338,Mainland China,CN,126.494133,45.79910774
FB000473,Shoes,Gap,Fall,XS,White,71.94,0,71.94,8/6/2025,45,3.3,FALSE,,245,Mainland China,CN,117.6766567,39.01530229
FB000474,Shoes,Gap,Fall,L,Blue,80.72,9.9,72.73,8/6/2025,37,2.5,FALSE,,506,Mainland China,CN,121.1265027,41.09034843
FB000475,Outerwear,Zara,Winter,L,Green,208.8,0,208.8,8/6/2025,13,1.6,FALSE,,740,Mainland China,CN,112.7385768,37.71784908
FB000476,Shoes,Mango,Summer,M,Navy,158.15,54.1,72.59,8/6/2025,36,4.5,FALSE,,613,Mainland China,CN,111.6180317,40.8259604
FB000477,Tops,Zara,Fall,S,White,85.92,0,85.92,8/6/2025,12,,FALSE,,635,Mainland China,CN,121.5401539,38.9491991
FB000478,Accessories,Gap,Spring,,Pink,69.59,0,69.59,9/26/2024,38,1.5,FALSE,,975,Mainland China,CN,116.4508682,39.91681863
FB000479,Dresses,Zara,Winter,XL,Red,136.17,19.1,110.16,8/6/2025,14,,FALSE,,753,Mainland China,CN,112.5344594,37.80904307
FB000480,Shoes,Mango,Spring,XS,Pink,124.26,0,124.26,8/8/2024,44,4,FALSE,,794,Mainland China,CN,114.1322836,22.59248422
FB000481,Shoes,Banana Republic,Winter,S,Black,129.33,0,129.33,8/6/2025,15,3.1,FALSE,,262,Mainland China,CN,119.9535056,31.7652089
FB000482,Dresses,H&M,Spring,S,Navy,123.93,30,86.75,7/31/2025,39,1.9,FALSE,,790,Mainland China,CN,121.5258872,31.22892253
FB000483,Shoes,Zara,Summer,XS,Beige,62.76,0,62.76,8/6/2025,12,4.7,FALSE,,575,Mainland China,CN,112.9860209,28.20355309
FB000484,Shoes,Uniqlo,Spring,XS,Blue,74.54,0,74.54,11/7/2024,4,3.5,FALSE,,755,Mainland China,CN,120.303485,30.405057
FB000485,Tops,Gap,Summer,S,Pink,114.03,0,114.03,8/6/2025,2,,FALSE,,312,Mainland China,CN,126.5744676,43.84533437
FB000486,Accessories,Gap,Fall,,White,20.59,27.6,14.91,8/6/2025,36,,FALSE,,278,Mainland China,CN,121.4660668,31.2195638
FB000487,Shoes,Banana Republic,Summer,XL,Blue,167.86,0,167.86,8/6/2025,17,3.2,FALSE,,960,Mainland China,CN,118.7857676,32.0234317
FB000488,Accessories,Uniqlo,Fall,,Gray,62.2,37.7,38.75,8/6/2025,16,3.1,FALSE,,654,Mainland China,CN,113.9756882,22.5374379
FB000489,Outerwear,Banana Republic,Fall,,Pink,223.69,6.3,209.6,8/6/2025,18,1.9,FALSE,,664,Mainland China,CN,116.9798416,36.64895047
FB000490,Accessories,Mango,Summer,,Blue,67.13,0,67.13,8/6/2025,3,1.4,FALSE,,214,Mainland China,CN,120.6524134,31.32002426
FB000491,Dresses,Zara,Summer,M,Red,144.81,33.3,96.59,8/6/2025,33,2.8,FALSE,,989,Mainland China,CN,116.4191875,39.89893607
FB000492,Outerwear,Gap,Winter,XS,Purple,152.93,53,71.88,8/6/2025,2,4.6,TRUE,Changed Mind,258,Mainland China,CN,121.4413691,31.24339787
FB000493,Dresses,Forever21,Summer,XXL,White,111.29,0,111.29,8/6/2025,48,4.9,FALSE,,682,Mainland China,CN,121.5536731,29.86965682
FB000494,Outerwear,Banana Republic,Winter,XS,Pink,159.18,0,159.18,8/6/2025,38,2.4,TRUE,Quality Issue,321,Mainland China,CN,121.3878965,31.10795556
FB000495,Outerwear,Zara,Winter,XXL,White,215.93,0,215.93,8/6/2025,43,3.5,FALSE,,458,Mainland China,CN,113.2829505,23.12679831
FB000496,Tops,Ann Taylor,Spring,,Beige,51.69,33.4,34.43,8/7/2024,36,3.4,FALSE,,232,Mainland China,CN,116.4402723,39.92208778
FB000497,Outerwear,Ann Taylor,Summer,L,Pink,137.38,0,137.38,8/6/2025,43,3.5,FALSE,,329,Mainland China,CN,116.2937379,39.97400407
FB000498,Bottoms,Forever21,Fall,XXL,Green,96.7,38.8,59.18,8/6/2025,46,1.7,FALSE,,629,Mainland China,CN,121.3973845,31.2320901
FB000499,Bottoms,H&M,Spring,M,Purple,58.73,38.1,36.35,12/27/2024,50,1.2,FALSE,,199,Mainland China,CN,113.6814809,34.78502973
FB000500,Outerwear,Gap,Winter,S,Green,204.68,0,204.68,8/6/2025,33,3.1,FALSE,,442,Mainland China,CN,113.3266604,23.13289149
FB000501,Bottoms,Forever21,Spring,L,White,117.26,0,117.26,9/25/2024,29,,FALSE,,480,Mainland China,CN,116.3671875,39.85506977
FB000502,Outerwear,Gap,Summer,XXL,White,91.95,0,91.95,8/6/2025,1,2.5,FALSE,,275,Mainland China,CN,121.5939116,29.8614879
FB000503,Bottoms,Gap,Fall,XL,Navy,94.53,0,94.53,8/6/2025,13,2.4,FALSE,,930,Mainland China,CN,106.529156,29.579914
FB000504,Dresses,Mango,Fall,XXL,White,71.94,3,69.78,8/6/2025,45,1.4,FALSE,,582,Mainland China,CN,104.0603087,30.602935
FB000505,Dresses,Ann Taylor,Winter,XL,Green,177.72,5.9,167.23,8/6/2025,47,,FALSE,,701,Mainland China,CN,123.4703529,41.80306644
FB000506,Accessories,Zara,Summer,,White,34.4,0,34.4,8/6/2025,43,3,TRUE,Wrong Item,695,Mainland China,CN,123.3750231,41.8075425
FB000507,Bottoms,Banana Republic,Spring,M,Gray,119.72,0,119.72,1/18/2025,18,3.7,FALSE,,427,Mainland China,CN,104.069868,30.665566
FB000508,Accessories,H&M,Summer,,Brown,44.09,0,44.09,8/6/2025,2,2,FALSE,,782,Mainland China,CN,112.9711676,28.20307025
FB000509,Bottoms,Mango,Spring,XL,Purple,42.47,0,42.47,11/14/2024,33,4.5,TRUE,Changed Mind,353,Mainland China,CN,104.076322,30.655452
FB000510,Dresses,Banana Republic,Summer,XL,Purple,68.43,0,68.43,8/6/2025,16,,FALSE,,624,Mainland China,CN,114.4978273,38.04410308
FB000511,Shoes,Zara,Fall,XS,Green,165.39,31.8,112.8,8/6/2025,9,4.6,FALSE,,685,Mainland China,CN,114.2694855,30.61516382
FB000512,Accessories,Ann Taylor,Winter,,Green,35.36,0,35.36,8/6/2025,42,4.5,FALSE,,583,Mainland China,CN,102.7144217,25.04027116
FB000513,Dresses,H&M,Summer,M,Navy,95.73,0,95.73,8/6/2025,6,4.6,FALSE,,539,Mainland China,CN,108.9197445,34.23823767
FB000514,Accessories,Banana Republic,Spring,,Brown,72.28,51.3,35.2,2/15/2025,31,1.9,FALSE,,687,Mainland China,CN,121.5866804,38.91219034
FB000515,Outerwear,Ann Taylor,Summer,,White,80.35,0,80.35,8/6/2025,28,2.9,FALSE,,325,Mainland China,CN,113.121769,23.010801
FB000516,Bottoms,Banana Republic,Winter,XL,Gray,119.04,0,119.04,8/6/2025,35,1.4,FALSE,,169,Mainland China,CN,126.7028723,45.75567247
FB000517,Tops,Gap,Winter,XS,Brown,60.53,42.5,34.8,8/6/2025,8,,TRUE,Color Mismatch,205,Mainland China,CN,121.5630341,31.21265465
FB000518,Outerwear,H&M,Fall,M,Navy,92.54,43.8,52.01,8/6/2025,33,1.5,TRUE,Damaged,650,Mainland China,CN,116.4909124,39.969671
FB000519,Accessories,Uniqlo,Fall,,Pink,28.4,0,28.4,8/6/2025,4,3.1,FALSE,,243,Mainland China,CN,116.4567304,39.96218819
FB000520,Bottoms,Zara,Summer,M,Gray,91.65,0,91.65,8/6/2025,40,3.8,FALSE,,609,Mainland China,CN,125.3235233,43.89153721
FB000521,Accessories,Mango,Fall,,Navy,72.57,0,72.57,8/6/2025,27,2.5,FALSE,,749,Mainland China,CN,113.7859583,23.02440834
FB000522,Bottoms,H&M,Fall,L,Blue,39.05,0,39.05,8/6/2025,10,3.5,FALSE,,726,Mainland China,CN,120.8923101,31.96843752
FB000523,Dresses,Zara,Winter,S,Gray,113.21,0,113.21,8/6/2025,12,4.4,FALSE,,431,Mainland China,CN,118.1767559,24.50556179
FB000524,Accessories,Forever21,Spring,,Navy,25.34,0,25.34,7/31/2025,17,3.3,FALSE,,309,Mainland China,CN,102.6835505,25.00982297
FB000525,Tops,Mango,Spring,L,Black,98.16,56.7,42.5,2/5/2025,44,2.6,FALSE,,913,Mainland China,CN,116.4750552,39.94915299
FB000526,Tops,Banana Republic,Spring,XS,Purple,60.54,0,60.54,4/10/2025,35,1.7,FALSE,,676,Mainland China,CN,113.3219576,23.11985761
FB000527,Dresses,Zara,Winter,S,Pink,132.61,7.4,122.8,8/6/2025,0,4.2,FALSE,,260,Mainland China,CN,117.1702623,39.1477517
FB000528,Outerwear,Ann Taylor,Fall,XL,Pink,234.14,0,234.14,8/6/2025,40,1.7,FALSE,,740,Mainland China,CN,119.1110873,36.7119168
FB000529,Accessories,H&M,Fall,,Black,31.86,48.2,16.5,8/6/2025,32,4.5,FALSE,,923,Mainland China,CN,114.3471569,30.5528892
FB000530,Accessories,Uniqlo,Spring,,Gray,15.14,36.7,9.58,7/23/2025,41,3.8,FALSE,,705,Mainland China,CN,118.1216955,24.50269161
FB000531,Shoes,H&M,Winter,XS,Purple,77.72,0,77.72,8/6/2025,48,1.1,FALSE,,650,Mainland China,CN,119.276449,26.036763
FB000532,Accessories,Zara,Spring,,Gray,78.04,0,78.04,4/9/2025,38,4.9,FALSE,,194,Mainland China,CN,120.447911,36.10917228
FB000533,Outerwear,Gap,Fall,M,Brown,169.82,0,169.82,8/6/2025,28,4,FALSE,,321,Mainland China,CN,117.1804869,39.13487882
FB000534,Bottoms,H&M,Spring,L,White,94.71,38.9,57.87,8/16/2024,39,4.7,FALSE,,617,Mainland China,CN,106.5080353,29.60943796
FB000535,Shoes,Ann Taylor,Spring,XL,Red,112.6,22,87.83,7/22/2025,29,2.1,TRUE,Color Mismatch,818,Mainland China,CN,121.43703,31.197456
FB000536,Bottoms,Zara,Summer,L,Purple,104.16,0,104.16,8/6/2025,21,1.6,FALSE,,379,Mainland China,CN,113.389896,22.518272
FB000537,Outerwear,Gap,Winter,XXL,Gray,174.86,0,174.86,8/6/2025,15,1.7,FALSE,,242,Mainland China,CN,116.4137614,40.07045271
FB000538,Outerwear,Uniqlo,Spring,L,Purple,217.89,49.4,110.25,11/27/2024,42,2.9,FALSE,,901,Mainland China,CN,126.6085482,45.7144802
FB000539,Shoes,Mango,Winter,L,Black,123.14,0,123.14,8/6/2025,15,1.8,TRUE,Wrong Item,513,Mainland China,CN,121.4460056,31.32399026
FB000540,Tops,Ann Taylor,Winter,XL,Navy,103.96,0,103.96,8/6/2025,23,3.3,FALSE,,223,Mainland China,CN,114.235128,22.697469
FB000541,Dresses,H&M,Spring,XL,Blue,138.45,0,138.45,3/28/2025,18,3.3,FALSE,,495,Mainland China,CN,117.2136068,39.09043389
FB000542,Shoes,Gap,Summer,S,Black,165.1,0,165.1,8/6/2025,7,,FALSE,,581,Mainland China,CN,102.7327037,25.07974922
FB000543,Shoes,Gap,Winter,XXL,Gray,147.25,0,147.25,8/6/2025,15,2.7,FALSE,,513,Mainland China,CN,121.4078509,31.1727221
FB000544,Shoes,Uniqlo,Fall,L,Pink,126.23,0,126.23,8/6/2025,48,2.1,FALSE,,787,Mainland China,CN,113.3579972,22.92365662
FB000545,Outerwear,Ann Taylor,Fall,M,Navy,229.04,0,229.04,8/6/2025,5,4.5,FALSE,,436,Mainland China,CN,108.9105462,34.2416094
FB000546,Accessories,Ann Taylor,Winter,,Gray,38.65,32.6,26.05,8/6/2025,46,1.1,FALSE,,360,Mainland China,CN,117.2561359,39.12351843
FB000547,Bottoms,Banana Republic,Spring,XS,Pink,80.82,0,80.82,2/11/2025,42,,FALSE,,366,Mainland China,CN,117.2222324,31.81804863
FB000548,Accessories,Uniqlo,Spring,,Beige,56.44,0,56.44,3/18/2025,35,4,FALSE,,337,Mainland China,CN,117.7068687,39.02439582
FB000549,Dresses,Zara,Fall,M,Beige,121.3,0,121.3,8/6/2025,33,2.3,FALSE,,171,Mainland China,CN,114.2674685,30.56854283
FB000550,Bottoms,Gap,Fall,,Black,101.98,28.4,73.02,8/6/2025,40,4.5,FALSE,,164,Mainland China,CN,117.2524909,31.85442532
FB000551,Bottoms,Banana Republic,Spring,L,Red,89.99,0,89.99,2/28/2025,26,4.1,FALSE,,202,Mainland China,CN,121.404575,31.229185
FB000552,Shoes,Forever21,Summer,XXL,Green,64.31,34.5,42.12,8/6/2025,48,4.5,FALSE,,115,Mainland China,CN,119.5385699,26.65178144
FB000553,Dresses,Zara,Spring,L,Beige,168.92,0,168.92,7/14/2025,11,4.4,FALSE,,628,Mainland China,CN,123.3805847,41.81450614
FB000554,Bottoms,Gap,Summer,XL,Navy,86.46,49.5,43.66,8/6/2025,19,4.3,FALSE,,371,Mainland China,CN,113.2722398,22.83437761
FB000555,Tops,Forever21,Winter,XS,Red,36.84,18.9,29.88,8/6/2025,39,1.2,FALSE,,207,Mainland China,CN,118.580276,24.824902
FB000556,Tops,Ann Taylor,Spring,XS,Pink,38.5,0,38.5,3/6/2025,2,3.2,FALSE,,138,Mainland China,CN,115.855433,28.698638
FB000557,Bottoms,Mango,Winter,,Beige,68.02,37.7,42.38,8/6/2025,40,2.1,FALSE,,664,Mainland China,CN,112.9750729,28.18945405
FB000558,Dresses,Uniqlo,Fall,M,Brown,117.23,0,117.23,8/6/2025,30,,TRUE,Changed Mind,470,Mainland China,CN,120.2515959,30.1818967
FB000559,Tops,Ann Taylor,Spring,S,Navy,79.33,0,79.33,1/30/2025,10,3.4,TRUE,Changed Mind,234,Mainland China,CN,116.3349903,40.03025976
FB000560,Bottoms,Mango,Summer,L,Green,75.82,42.7,43.44,8/6/2025,11,2,FALSE,,414,Mainland China,CN,108.3912395,22.81340638
FB000561,Dresses,Ann Taylor,Spring,M,White,141.42,0,141.42,3/25/2025,10,2.5,FALSE,,462,Mainland China,CN,118.605056,24.888387
FB000562,Shoes,Uniqlo,Spring,L,Black,124.2,0,124.2,8/28/2024,24,1,FALSE,,997,Mainland China,CN,114.0598005,22.53416637
FB000563,Bottoms,Forever21,Winter,L,Navy,48.42,0,48.42,8/6/2025,6,4.3,FALSE,,924,Mainland China,CN,118.7653221,32.00888087
FB000564,Dresses,H&M,Fall,XS,Gray,119.4,0,119.4,8/6/2025,45,4.2,FALSE,,544,Mainland China,CN,120.4363903,36.16715348
FB000565,Shoes,Mango,Summer,M,Brown,186.07,0,186.07,8/6/2025,41,2.6,FALSE,,129,Mainland China,CN,116.5988962,39.92640454
FB000566,Shoes,Mango,Summer,XL,Brown,109.46,0,109.46,8/6/2025,38,4.1,FALSE,,296,Mainland China,CN,118.3278769,35.06569213
FB000567,Dresses,Gap,Winter,S,Gray,116.18,42.7,66.57,8/6/2025,3,3.5,FALSE,,220,Mainland China,CN,104.067645,30.631042
FB000568,Accessories,Zara,Winter,,Green,41.29,26.3,30.43,8/6/2025,5,4.7,FALSE,,241,Mainland China,CN,120.4257699,36.16080098
FB000569,Tops,Uniqlo,Winter,S,Green,94.68,45,52.07,8/6/2025,47,2.6,FALSE,,852,Mainland China,CN,117.684379,24.503321
FB000570,Accessories,Zara,Spring,,White,48.55,32.7,32.67,10/1/2024,39,2.8,FALSE,,972,Mainland China,CN,125.2952307,43.86710944
FB000571,Tops,Gap,Summer,M,Purple,75.22,0,75.22,8/6/2025,22,2.1,TRUE,Size Issue,174,Mainland China,CN,113.945332,22.504401
FB000572,Shoes,H&M,Summer,XS,White,98.95,30.3,68.97,8/6/2025,16,,FALSE,,965,Mainland China,CN,104.074545,30.686719
FB000573,Tops,H&M,Spring,XL,Brown,39.56,0,39.56,1/21/2025,15,,FALSE,,465,Mainland China,CN,122.9871261,41.11056918
FB000574,Outerwear,Uniqlo,Winter,S,White,153.88,0,153.88,8/6/2025,42,2.2,FALSE,,546,Mainland China,CN,121.5668942,29.83443647
FB000575,Accessories,Ann Taylor,Summer,,Beige,68.87,0,68.87,8/6/2025,9,1.1,FALSE,,567,Mainland China,CN,104.112408,30.667557
FB000576,Bottoms,Ann Taylor,Fall,M,Pink,25.56,38.9,15.62,8/6/2025,48,,FALSE,,321,Mainland China,CN,108.9638481,34.2296202
FB000577,Outerwear,H&M,Fall,XXL,White,246.49,0,246.49,8/6/2025,20,4.8,FALSE,,687,Mainland China,CN,104.0693,30.571955
FB000578,Accessories,H&M,Fall,,Green,52.41,0,52.41,8/6/2025,14,,FALSE,,700,Mainland China,CN,113.1539186,23.01160088
FB000579,Tops,Zara,Summer,M,Navy,33.77,0,33.77,8/6/2025,12,3.8,FALSE,,732,Mainland China,CN,114.2437593,22.71464015
FB000580,Shoes,H&M,Summer,M,Pink,96.7,0,96.7,8/6/2025,28,3,FALSE,,396,Mainland China,CN,113.2673006,23.17232892
FB000581,Dresses,H&M,Spring,M,Red,95.81,0,95.81,5/9/2025,47,4.9,FALSE,,944,Mainland China,CN,113.994378,22.5297
FB000582,Tops,Gap,Fall,M,Brown,41.58,0,41.58,8/6/2025,3,1.6,FALSE,,108,Mainland China,CN,119.3270962,26.13986115
FB000583,Tops,Uniqlo,Summer,XL,Gray,46.67,6.6,43.59,8/6/2025,35,1.3,TRUE,Quality Issue,886,Mainland China,CN,111.4635088,27.23413047
FB000584,Bottoms,Zara,Winter,L,Beige,25.98,59.4,10.55,8/6/2025,40,,FALSE,,943,Mainland China,CN,120.1066402,30.29936265
FB000585,Outerwear,Uniqlo,Summer,L,Beige,204.82,14,176.15,8/6/2025,27,3.8,FALSE,,615,Mainland China,CN,121.518155,38.84858
FB000586,Tops,Zara,Winter,XXL,Pink,43.43,47.1,22.97,8/6/2025,44,4.7,FALSE,,276,Mainland China,CN,120.1015735,30.88121471
FB000587,Accessories,H&M,Summer,,Blue,40.5,40.5,24.1,8/6/2025,25,2.9,FALSE,,870,Mainland China,CN,120.282692,31.527954
FB000588,Bottoms,Forever21,Winter,M,Red,73.59,16.6,61.37,8/6/2025,34,4,FALSE,,267,Mainland China,CN,113.912386,22.566223
FB000589,Accessories,Ann Taylor,Summer,,Navy,17.67,0,17.67,8/6/2025,29,4.3,FALSE,,588,Mainland China,CN,119.8372327,31.3652088
FB000590,Dresses,Gap,Winter,S,Green,70.01,28,50.41,8/6/2025,23,,FALSE,,807,Mainland China,CN,118.098727,24.579915
FB000591,Shoes,Mango,Fall,XS,Red,79.32,33.7,52.59,8/6/2025,38,3,TRUE,Size Issue,972,Mainland China,CN,113.6627816,34.75412199
FB000592,Accessories,Zara,Summer,,Beige,45.24,0,45.24,8/6/2025,20,3,TRUE,Quality Issue,766,Mainland China,CN,118.5662985,24.77703269
FB000593,Tops,H&M,Summer,XXL,Red,63.51,13.6,54.87,8/6/2025,19,,FALSE,,951,Mainland China,CN,108.3852969,30.8068152
FB000594,Bottoms,Ann Taylor,Winter,XXL,White,55.23,33.6,36.67,8/6/2025,9,,FALSE,,243,Mainland China,CN,113.8210874,22.81011697
FB000595,Dresses,Banana Republic,Fall,M,Navy,137.59,0,137.59,8/6/2025,18,,FALSE,,509,Mainland China,CN,113.238585,23.403995
FB000596,Shoes,H&M,Fall,,White,65.8,0,65.8,8/6/2025,46,3.2,FALSE,,670,Mainland China,CN,106.6885165,26.56475935
FB000597,Shoes,Uniqlo,Winter,XL,Blue,88.42,0,88.42,8/6/2025,44,3.4,TRUE,Damaged,477,Mainland China,CN,115.9423969,28.6742268
FB000598,Dresses,Mango,Fall,M,Red,75.54,0,75.54,8/6/2025,6,4.6,FALSE,,389,Mainland China,CN,113.39442,22.943358
FB000599,Shoes,H&M,Spring,L,White,185.13,0,185.13,5/9/2025,49,4.9,FALSE,,427,Mainland China,CN,113.240356,23.11051569
FB000600,Outerwear,Mango,Fall,L,Black,132.58,0,132.58,8/6/2025,45,1.6,FALSE,,913,Mainland China,CN,113.5399057,22.23554755
FB000601,Bottoms,Zara,Fall,M,White,93.38,0,93.38,8/6/2025,7,3.5,FALSE,,327,Mainland China,CN,123.994133,41.868736
FB000602,Accessories,Ann Taylor,Fall,,Black,47.28,0,47.28,8/6/2025,38,4.2,FALSE,,259,Mainland China,CN,120.3006161,31.6747281
FB000603,Bottoms,Banana Republic,Spring,L,Green,59.88,0,59.88,10/12/2024,33,2.9,FALSE,,123,Mainland China,CN,113.0483647,28.2502419
FB000604,Dresses,H&M,Winter,XXL,Black,140.07,0,140.07,8/6/2025,15,2.7,FALSE,,547,Mainland China,CN,110.400661,21.274288
FB000605,Accessories,Uniqlo,Winter,,Black,66.6,0,66.6,8/6/2025,47,4,FALSE,,351,Mainland China,CN,120.5846618,31.2985645
FB000606,Accessories,Gap,Summer,,Purple,39.82,35.4,25.72,8/6/2025,9,4.6,FALSE,,634,Mainland China,CN,103.86369,30.685523
FB000607,Accessories,Zara,Fall,,Red,70.74,0,70.74,8/6/2025,49,1.8,FALSE,,740,Mainland China,CN,120.7182804,31.2842322
FB000608,Dresses,Zara,Spring,M,Red,95.33,0,95.33,6/7/2025,36,,TRUE,Quality Issue,587,Mainland China,CN,104.077959,30.656939
FB000609,Accessories,Forever21,Spring,,Red,32.62,29.1,23.13,7/27/2025,9,1.4,FALSE,,928,Mainland China,CN,114.082896,22.72806
FB000610,Bottoms,Mango,Summer,XL,Purple,41.07,0,41.07,8/6/2025,10,4.8,FALSE,,488,Mainland China,CN,114.3612757,30.6149811
FB000611,Bottoms,Zara,Winter,XL,Gray,43.1,0,43.1,8/6/2025,34,4.9,FALSE,,814,Mainland China,CN,114.4919932,37.06177613
FB000612,Outerwear,Ann Taylor,Winter,XXL,Navy,102.03,27.9,73.56,8/6/2025,21,2.2,TRUE,Size Issue,924,Mainland China,CN,126.5944355,45.70191435
FB000613,Accessories,Mango,Winter,,Red,54.11,0,54.11,8/6/2025,15,2.6,FALSE,,118,Mainland China,CN,115.4695987,38.87667964
FB000614,Accessories,Mango,Winter,,Purple,43.5,0,43.5,8/6/2025,35,2.8,FALSE,,327,Mainland China,CN,103.964052,30.669483
FB000615,Accessories,Banana Republic,Winter,,Pink,66,0,66,8/6/2025,19,2.6,FALSE,,717,Mainland China,CN,113.516977,22.231144
FB000616,Bottoms,Banana Republic,Summer,M,White,38.85,0,38.85,8/6/2025,10,3.8,FALSE,,966,Mainland China,CN,117.2212797,39.13870696
FB000617,Accessories,Zara,Summer,,Beige,61.29,0,61.29,8/6/2025,15,4,FALSE,,800,Mainland China,CN,103.913723,30.595153
FB000618,Bottoms,H&M,Spring,XS,Beige,90.66,0,90.66,3/20/2025,49,2.4,TRUE,Color Mismatch,339,Mainland China,CN,114.122479,22.550923
FB000619,Dresses,Mango,Fall,XL,Green,119.96,0,119.96,8/6/2025,5,5,FALSE,,858,Mainland China,CN,106.516614,29.539939
FB000620,Shoes,Forever21,Fall,XXL,Red,130.21,0,130.21,8/6/2025,50,4.7,FALSE,,962,Mainland China,CN,106.5757678,29.55574752
FB000621,Tops,Banana Republic,Winter,XS,Red,49.68,0,49.68,8/6/2025,15,2.8,FALSE,,448,Mainland China,CN,117.2187943,39.02850006
FB000622,Accessories,Zara,Spring,,Purple,46.58,0,46.58,9/25/2024,42,1.7,FALSE,,850,Mainland China,CN,114.425014,23.122231
FB000623,Accessories,Mango,Summer,,Brown,69.88,0,69.88,8/6/2025,8,2.8,FALSE,,648,Mainland China,CN,118.8700426,32.03917102
FB000624,Accessories,Forever21,Fall,,Green,32.15,0,32.15,8/6/2025,17,1.9,TRUE,Quality Issue,921,Mainland China,CN,117.0297232,36.66499779
FB000625,Bottoms,Forever21,Summer,S,Black,36.34,0,36.34,8/6/2025,6,4.5,TRUE,Damaged,127,Mainland China,CN,120.3903405,31.57943512
FB000626,Bottoms,Mango,Fall,M,Beige,93.01,0,93.01,8/6/2025,34,1.4,FALSE,,684,Mainland China,CN,116.6520192,40.12803384
FB000627,Tops,Gap,Winter,S,Brown,75,0,75,8/6/2025,19,1.6,FALSE,,201,Mainland China,CN,114.926874,25.81231752
FB000628,Outerwear,Zara,Fall,M,Blue,81.63,12.4,71.51,8/6/2025,3,,FALSE,,404,Mainland China,CN,113.0814438,22.61184605
FB000629,Bottoms,Uniqlo,Spring,XL,Gray,109.81,0,109.81,7/24/2025,17,1.9,FALSE,,215,Mainland China,CN,104.09185,30.643483
FB000630,Bottoms,Ann Taylor,Fall,,Black,47.7,0,47.7,8/6/2025,14,2.3,FALSE,,328,Mainland China,CN,122.8753427,45.67546415
FB000631,Tops,Banana Republic,Winter,S,Red,96.08,0,96.08,8/6/2025,7,2.5,FALSE,,208,Mainland China,CN,116.4539936,39.93409527
FB000632,Tops,H&M,Winter,XS,Brown,28,2.6,27.27,8/6/2025,2,,FALSE,,862,Mainland China,CN,116.2378686,40.21195965
FB000633,Bottoms,Zara,Winter,S,Brown,52.43,6.4,49.07,8/6/2025,42,2.6,FALSE,,621,Mainland China,CN,104.04386,30.7043131
FB000634,Accessories,Gap,Summer,,Pink,67.95,18.3,55.52,8/6/2025,37,,FALSE,,119,Mainland China,CN,108.9731237,34.3155732
FB000635,Dresses,Ann Taylor,Fall,,Red,131.92,0,131.92,8/6/2025,10,2.5,FALSE,,325,Mainland China,CN,120.1532052,33.35133309
FB000636,Outerwear,Ann Taylor,Spring,XS,White,205.77,0,205.77,1/31/2025,38,1,FALSE,,556,Mainland China,CN,121.671278,38.92300401
FB000637,Tops,Uniqlo,Winter,XL,White,97.88,11.3,86.82,8/6/2025,27,1.3,FALSE,,866,Mainland China,CN,106.7088096,26.55900834
FB000638,Shoes,Zara,Summer,L,Gray,109.55,0,109.55,8/6/2025,32,1.4,FALSE,,416,Mainland China,CN,120.1522239,30.30354122
FB000639,Bottoms,Zara,Fall,L,Gray,52.94,10.6,47.33,8/6/2025,50,2.7,FALSE,,529,Mainland China,CN,120.3788795,36.06613097
FB000640,Bottoms,Banana Republic,Winter,XS,Pink,70.83,18,58.08,8/6/2025,21,2.9,FALSE,,702,Mainland China,CN,108.9440483,34.2289741
FB000641,Dresses,Mango,Fall,L,Navy,53.17,0,53.17,8/6/2025,14,4.5,TRUE,Changed Mind,606,Mainland China,CN,121.386435,37.54538295
FB000642,Bottoms,Banana Republic,Summer,XS,Beige,119.56,46.2,64.32,8/6/2025,14,,FALSE,,352,Mainland China,CN,121.482919,31.23653213
FB000643,Dresses,Mango,Winter,S,Blue,144.43,0,144.43,8/6/2025,41,3.6,FALSE,,165,Mainland China,CN,121.6045892,31.20540437
FB000644,Outerwear,Mango,Spring,S,Purple,172.93,0,172.93,4/12/2025,43,4.7,TRUE,Quality Issue,825,Mainland China,CN,112.4543934,34.6182559
FB000645,Outerwear,Gap,Winter,XL,Beige,191.95,40.4,114.4,8/6/2025,21,2.9,FALSE,,123,Mainland China,CN,118.0608083,36.80312576
FB000646,Dresses,H&M,Winter,M,Black,128.56,0,128.56,8/6/2025,45,2.4,FALSE,,966,Mainland China,CN,117.2305031,31.8376762
FB000647,Dresses,H&M,Summer,L,White,123.08,53,57.85,8/6/2025,38,2.5,FALSE,,311,Mainland China,CN,116.6038555,35.40784157
FB000648,Outerwear,Ann Taylor,Spring,S,Purple,119.78,0,119.78,4/4/2025,22,1.5,TRUE,Color Mismatch,755,Mainland China,CN,109.8146716,40.65744496
FB000649,Bottoms,Banana Republic,Summer,XS,White,110.6,0,110.6,8/6/2025,19,,TRUE,Color Mismatch,986,Mainland China,CN,119.3982995,32.38128832
FB000650,Tops,Zara,Spring,S,Purple,58.16,0,58.16,7/2/2025,29,4.1,FALSE,,405,Mainland China,CN,116.3268467,39.78956271
FB000651,Outerwear,Mango,Fall,S,Green,208.82,0,208.82,8/6/2025,45,1.8,FALSE,,389,Mainland China,CN,117.2013866,39.12748125
FB000652,Shoes,Ann Taylor,Winter,M,Black,192.74,0,192.74,8/6/2025,43,4.3,FALSE,,466,Mainland China,CN,119.0239375,25.4405029
FB000653,Accessories,Gap,Fall,,Red,71.82,18.4,58.61,8/6/2025,50,1.9,FALSE,,251,Mainland China,CN,114.089438,22.54863
FB000654,Shoes,Zara,Summer,XS,Red,145.4,0,145.4,8/6/2025,14,2,FALSE,,618,Mainland China,CN,114.027313,22.632845
FB000655,Bottoms,Mango,Summer,XXL,Brown,51.94,0,51.94,8/6/2025,9,3.2,FALSE,,614,Mainland China,CN,114.1582313,30.61866936
FB000656,Accessories,Ann Taylor,Spring,,Black,77.48,0,77.48,10/7/2024,49,3.3,TRUE,Quality Issue,443,Mainland China,CN,111.3050307,30.6813679
FB000657,Dresses,Mango,Summer,L,Black,59.66,45.2,32.69,8/6/2025,14,2.6,FALSE,,910,Mainland China,CN,108.9635843,34.26863677
FB000658,Bottoms,Uniqlo,Summer,S,Red,102.07,0,102.07,8/6/2025,26,,TRUE,Color Mismatch,566,Mainland China,CN,113.586434,22.280753
FB000659,Accessories,Banana Republic,Spring,,Gray,48.57,0,48.57,12/6/2024,12,4.7,FALSE,,907,Mainland China,CN,116.6583469,39.88937244
FB000660,Shoes,Gap,Summer,M,Navy,121.55,0,121.55,8/6/2025,16,,TRUE,Damaged,286,Mainland China,CN,118.7521864,32.04614481
FB000661,Accessories,Ann Taylor,Winter,,Navy,59.22,44.8,32.69,8/6/2025,21,2,FALSE,,995,Mainland China,CN,120.5812506,29.9858045
FB000662,Tops,Ann Taylor,Spring,XS,Beige,58.5,2.1,57.27,5/23/2025,24,3.9,FALSE,,216,Mainland China,CN,116.5021529,39.8056991
FB000663,Accessories,Forever21,Fall,,Green,73.85,0,73.85,8/6/2025,46,2,FALSE,,356,Mainland China,CN,113.7551112,23.00834639
FB000664,Bottoms,H&M,Summer,XXL,Red,114.32,36.5,72.59,8/6/2025,41,4.1,FALSE,,397,Mainland China,CN,114.3291132,30.5516418
FB000665,Bottoms,Forever21,Summer,XS,Gray,91.4,11,81.35,8/6/2025,18,1.6,FALSE,,759,Mainland China,CN,120.6832449,27.99929267
FB000666,Accessories,Forever21,Winter,,Navy,69.77,0,69.77,8/6/2025,30,,TRUE,Color Mismatch,572,Mainland China,CN,121.7786591,39.05010302
FB000667,Tops,H&M,Summer,L,Black,72.95,0,72.95,8/6/2025,27,4.8,FALSE,,1000,Mainland China,CN,126.649451,45.792113
FB000668,Bottoms,Ann Taylor,Summer,XL,Beige,63.99,42.2,36.99,8/6/2025,35,3.2,FALSE,,135,Mainland China,CN,121.5871528,38.99182532
FB000669,Dresses,Banana Republic,Summer,XL,Blue,74.84,51.9,36,8/6/2025,35,2.5,FALSE,,537,Mainland China,CN,118.0346223,36.84839296
FB000670,Outerwear,H&M,Spring,XS,Black,158.84,0,158.84,4/16/2025,30,4.6,FALSE,,379,Mainland China,CN,120.607172,31.36102631
FB000671,Shoes,Mango,Spring,M,Brown,96.36,58.6,39.89,2/10/2025,16,3.9,FALSE,,670,Mainland China,CN,121.4851771,31.39839854
FB000672,Bottoms,H&M,Spring,XS,Purple,51.06,13.9,43.96,8/16/2024,16,1.3,FALSE,,149,Mainland China,CN,116.5181746,39.92374861
FB000673,Bottoms,Banana Republic,Summer,L,Navy,49.75,26.4,36.62,8/6/2025,24,3.8,FALSE,,694,Mainland China,CN,119.334326,26.074904
FB000674,Dresses,Mango,Spring,XS,Pink,148.98,0,148.98,10/26/2024,11,2.2,TRUE,Wrong Item,383,Mainland China,CN,120.8838669,32.00350884
FB000675,Accessories,Gap,Winter,,Gray,72.24,0,72.24,8/6/2025,35,4.1,FALSE,,567,Mainland China,CN,113.325764,23.148338
FB000676,Tops,Mango,Winter,XS,Blue,94.92,0,94.92,8/6/2025,5,3.3,FALSE,,190,Mainland China,CN,113.2849786,23.13646609
FB000677,Outerwear,Banana Republic,Fall,XXL,Brown,91.08,0,91.08,8/6/2025,47,4.9,FALSE,,823,Mainland China,CN,110.317871,20.030626
FB000678,Accessories,Banana Republic,Fall,,Brown,49.72,58.3,20.73,8/6/2025,4,1.6,FALSE,,608,Mainland China,CN,120.9633585,31.4058318
FB000679,Accessories,Gap,Winter,,Purple,23.09,7.1,21.45,8/6/2025,11,1.2,FALSE,,534,Mainland China,CN,113.2660802,23.12572569
FB000680,Accessories,Zara,Spring,,Red,49.95,0,49.95,9/17/2024,29,4.3,FALSE,,730,Mainland China,CN,121.3816889,31.23337841
FB000681,Accessories,Forever21,Winter,,Green,25.7,0,25.7,8/6/2025,38,3.2,TRUE,Quality Issue,662,Mainland China,CN,110.407987,21.216516
FB000682,Shoes,Mango,Summer,XS,Green,175.22,0,175.22,8/6/2025,8,4.9,FALSE,,307,Mainland China,CN,120.3266693,30.31015388
FB000683,Bottoms,Ann Taylor,Summer,XS,Gray,37.57,0,37.57,8/6/2025,18,1.9,FALSE,,308,Mainland China,CN,118.08788,24.460897
FB000684,Outerwear,Zara,Spring,M,Green,245.87,0,245.87,6/24/2025,27,2.6,FALSE,,136,Mainland China,CN,108.3194862,22.81746435
FB000685,Bottoms,Banana Republic,Winter,XS,Red,116.92,0,116.92,8/6/2025,13,3.2,FALSE,,813,Mainland China,CN,116.2067817,39.76225847
FB000686,Dresses,Ann Taylor,Winter,L,Pink,103.11,0,103.11,8/6/2025,17,,FALSE,,607,Mainland China,CN,101.690204,23.26925599
FB000687,Outerwear,Uniqlo,Fall,M,Purple,238.89,0.5,237.7,8/6/2025,28,2.7,FALSE,,431,Mainland China,CN,109.8603548,40.65682692
FB000688,Shoes,Uniqlo,Summer,XS,Pink,86.81,12.6,75.87,8/6/2025,6,1.7,FALSE,,464,Mainland China,CN,119.9260703,28.46177105
FB000689,Bottoms,Mango,Summer,XS,Blue,58.8,11.8,51.86,8/6/2025,8,,FALSE,,205,Mainland China,CN,121.4067548,31.20722736
FB000690,Bottoms,Ann Taylor,Spring,XL,Beige,41.65,52,19.99,5/16/2025,20,1.2,FALSE,,506,Mainland China,CN,116.7165431,23.3614358
FB000691,Tops,H&M,Spring,XL,Black,61.67,46.4,33.06,7/15/2025,50,2.7,FALSE,,414,Mainland China,CN,113.1530161,27.83804343
FB000692,Bottoms,H&M,Fall,XS,Black,40.39,0,40.39,8/6/2025,16,,FALSE,,303,Mainland China,CN,115.9719907,29.70170935
FB000693,Tops,Ann Taylor,Fall,XXL,Purple,95.13,45.4,51.94,8/6/2025,46,2.5,FALSE,,932,Mainland China,CN,110.316819,19.90806586
FB000694,Bottoms,Zara,Fall,S,Green,115.14,0,115.14,8/6/2025,43,2.5,FALSE,,905,Mainland China,CN,106.27998,38.4653
FB000695,Tops,H&M,Summer,,Beige,59.58,0,59.58,8/6/2025,27,3.3,FALSE,,401,Mainland China,CN,113.3254647,23.13269469
FB000696,Shoes,Uniqlo,Spring,M,Purple,169.89,0,169.89,7/14/2025,12,1.2,FALSE,,252,Mainland China,CN,117.0012713,36.59351469
FB000697,Shoes,Mango,Winter,S,Black,117.38,22.5,90.97,8/6/2025,42,2.8,TRUE,Color Mismatch,165,Mainland China,CN,119.5330891,35.42138215
FB000698,Tops,Mango,Winter,S,Pink,118.95,0,118.95,8/6/2025,18,1.9,TRUE,Quality Issue,209,Mainland China,CN,123.4891751,41.8083359
FB000699,Accessories,Uniqlo,Fall,,Red,39.3,0,39.3,8/6/2025,39,,FALSE,,391,Mainland China,CN,130.33811,46.79534874
FB000700,Tops,H&M,Winter,L,Beige,74.3,0,74.3,8/6/2025,31,3.8,TRUE,Wrong Item,668,Mainland China,CN,110.2991593,25.27832878
FB000701,Bottoms,H&M,Spring,XS,Brown,62.97,0,62.97,5/26/2025,5,3.5,FALSE,,601,Mainland China,CN,113.350738,23.129399
FB000702,Accessories,H&M,Summer,,Gray,73.6,0,73.6,8/6/2025,1,1.8,FALSE,,942,Mainland China,CN,120.5482611,31.30099082
FB000703,Accessories,Mango,Spring,,Black,77.85,34.9,50.68,8/5/2025,11,,FALSE,,648,Mainland China,CN,102.714302,24.97912169
FB000704,Tops,Forever21,Summer,,Red,94.31,0,94.31,8/6/2025,20,3,FALSE,,460,Mainland China,CN,113.1125127,23.02746411
FB000705,Bottoms,Ann Taylor,Spring,,Navy,60.36,0,60.36,9/1/2024,35,3.3,FALSE,,871,Mainland China,CN,109.0736659,34.2786193
FB000706,Bottoms,Mango,Summer,XXL,Brown,94.85,0,94.85,8/6/2025,28,1.5,FALSE,,978,Mainland China,CN,113.8882271,22.55081557
FB000707,Accessories,Uniqlo,Winter,,Blue,30.52,7.9,28.11,8/6/2025,43,4.7,FALSE,,246,Mainland China,CN,120.2840735,30.43195602
FB000708,Dresses,Mango,Summer,XS,Navy,97.06,0,97.06,8/6/2025,24,3.9,FALSE,,591,Mainland China,CN,112.9086868,27.85611123
FB000709,Bottoms,Forever21,Summer,M,Purple,57.85,35.4,37.37,8/6/2025,17,,FALSE,,443,Mainland China,CN,113.7224454,34.78461545
FB000710,Tops,Zara,Fall,M,White,51.35,19.7,41.23,8/6/2025,39,1.3,FALSE,,180,Mainland China,CN,118.9340001,42.2853783
FB000711,Accessories,Ann Taylor,Spring,,Black,61.34,45.4,33.49,2/3/2025,46,,FALSE,,302,Mainland China,CN,112.5612878,37.88250539
FB000712,Outerwear,Banana Republic,Summer,L,Purple,189.28,0,189.28,8/6/2025,41,2.7,TRUE,Wrong Item,142,Mainland China,CN,87.58846,43.82039
FB000713,Tops,Banana Republic,Summer,XXL,Purple,86.67,35.8,55.64,8/6/2025,2,4.9,FALSE,,866,Mainland China,CN,114.538962,36.625657
FB000714,Bottoms,Ann Taylor,Spring,S,Navy,102.84,0,102.84,9/10/2024,27,1.8,FALSE,,177,Mainland China,CN,101.7577105,36.62788026
FB000715,Outerwear,Zara,Fall,XXL,Green,225.21,0,225.21,8/6/2025,27,3.1,TRUE,Changed Mind,970,Mainland China,CN,108.9479918,34.29385695
FB000716,Dresses,Uniqlo,Winter,XL,Gray,48.91,27.8,35.31,8/6/2025,0,4.1,FALSE,,376,Mainland China,CN,112.122415,32.008986
FB000717,Outerwear,Forever21,Fall,L,Pink,145.93,0,145.93,8/6/2025,19,1.5,FALSE,,804,Mainland China,CN,122.0763788,41.12423204
FB000718,Outerwear,Banana Republic,Winter,,Green,225.92,43.7,127.19,8/6/2025,30,3.2,FALSE,,799,Mainland China,CN,126.5628527,43.83130039
FB000719,Outerwear,Uniqlo,Summer,XL,Green,202.18,39.7,121.91,8/6/2025,20,4.1,FALSE,,199,Mainland China,CN,121.4487711,31.2259055
FB000720,Tops,Uniqlo,Fall,XL,Blue,51.85,0,51.85,8/6/2025,28,,FALSE,,156,Mainland China,CN,121.3564148,30.7607389
FB000721,Tops,Uniqlo,Summer,L,Gray,75.34,0,75.34,8/6/2025,21,,FALSE,,202,Mainland China,CN,110.3467741,20.01619042
FB000722,Shoes,Gap,Spring,S,Pink,92.09,54.9,41.53,1/19/2025,44,2.2,FALSE,,792,Mainland China,CN,121.5073347,31.32855783
FB000723,Accessories,Zara,Fall,,Blue,56.39,0,56.39,8/6/2025,49,4.2,FALSE,,559,Mainland China,CN,106.27998,38.4653
FB000724,Tops,Mango,Fall,L,Pink,108.75,0,108.75,8/6/2025,38,3.8,FALSE,,205,Mainland China,CN,114.3216529,34.80760871
FB000725,Dresses,Uniqlo,Spring,S,Red,156.85,0,156.85,4/1/2025,48,3.4,FALSE,,521,Mainland China,CN,108.6910277,34.34146594
FB000726,Outerwear,Uniqlo,Spring,XS,Brown,168.13,0,168.13,4/18/2025,42,2.5,FALSE,,986,Mainland China,CN,87.55721,43.87607
FB000727,Shoes,Forever21,Summer,S,Green,145.79,57,62.69,8/6/2025,46,,FALSE,,939,Mainland China,CN,123.459416,41.73547535
FB000728,Bottoms,Gap,Winter,S,White,54.14,0,54.14,8/6/2025,32,,FALSE,,827,Mainland China,CN,117.0867879,36.18259692
FB000729,Accessories,Zara,Fall,,Navy,45.64,0,45.64,8/6/2025,36,3.6,TRUE,Size Issue,863,Mainland China,CN,119.6041866,39.93150277
FB000730,Bottoms,Mango,Fall,S,Red,46.76,0,46.76,8/6/2025,38,2.7,FALSE,,257,Mainland China,CN,121.1973629,31.01539939
FB000731,Dresses,Banana Republic,Winter,,Gray,75.23,0,75.23,8/6/2025,42,1.7,TRUE,Quality Issue,448,Mainland China,CN,125.241103,43.84019252
FB000732,Dresses,Mango,Summer,XL,White,70.38,0,70.38,8/6/2025,37,2,FALSE,,939,Mainland China,CN,124.870597,46.652358
FB000733,Bottoms,H&M,Summer,M,Pink,76.04,0,76.04,8/6/2025,13,4.4,FALSE,,940,Mainland China,CN,108.9454363,34.33857291
FB000734,Shoes,Uniqlo,Summer,XS,Black,110.82,15.7,93.42,8/6/2025,43,,TRUE,Size Issue,379,Mainland China,CN,113.0135054,28.11063133
FB000735,Accessories,Forever21,Fall,,Navy,47.47,0,47.47,8/6/2025,42,4.7,FALSE,,811,Mainland China,CN,108.8684017,34.17049094
FB000736,Accessories,Gap,Spring,,Red,79.94,0,79.94,7/31/2025,26,3.8,FALSE,,518,Mainland China,CN,114.104773,22.545482
FB000737,Bottoms,Banana Republic,Fall,XXL,Navy,74.67,0,74.67,8/6/2025,15,4.6,FALSE,,188,Mainland China,CN,113.235809,22.69203
FB000738,Dresses,Forever21,Fall,XXL,Brown,63.79,35.5,41.14,8/6/2025,15,3.1,TRUE,Quality Issue,688,Mainland China,CN,119.4256525,32.39390864
FB000739,Bottoms,Ann Taylor,Fall,XXL,Brown,49.6,0,49.6,8/6/2025,32,4.7,FALSE,,570,Mainland China,CN,109.4435015,24.32869779
FB000740,Tops,Zara,Spring,XL,Red,57.91,0,57.91,3/13/2025,33,3.9,FALSE,,751,Mainland China,CN,105.4035521,28.8951258
FB000741,Dresses,Uniqlo,Summer,XL,Pink,135.99,0,135.99,8/6/2025,34,3,FALSE,,345,Mainland China,CN,109.4903546,18.28675594
FB000742,Dresses,Mango,Winter,S,Purple,53.49,21.8,41.83,8/6/2025,41,2.1,FALSE,,129,Mainland China,CN,119.0290523,25.41901155
FB000743,Tops,Forever21,Summer,S,Pink,113.29,34,74.77,8/6/2025,10,,FALSE,,415,Mainland China,CN,115.9772693,29.68584674
FB000744,Tops,H&M,Winter,L,White,110.87,6,104.22,8/6/2025,15,,FALSE,,510,Mainland China,CN,125.2890061,43.83146148
FB000745,Tops,Ann Taylor,Fall,,Navy,94.3,0,94.3,8/6/2025,16,,FALSE,,325,Mainland China,CN,113.241823,35.215893
FB000746,Accessories,Forever21,Spring,,Red,37.94,0,37.94,10/8/2024,9,4.6,FALSE,,927,Mainland China,CN,106.5229127,29.59940438
FB000747,Outerwear,Ann Taylor,Winter,XXL,Gray,200.24,23,154.18,8/6/2025,38,,FALSE,,590,Mainland China,CN,117.027544,25.089566
FB000748,Accessories,Forever21,Winter,,Purple,43.45,0,43.45,8/6/2025,50,4,FALSE,,718,Mainland China,CN,102.7680592,24.96986792
FB000749,Bottoms,Forever21,Summer,L,Red,76.92,9.6,69.54,8/6/2025,20,2,FALSE,,427,Mainland China,CN,120.8118555,27.92024614
FB000750,Accessories,Forever21,Fall,,White,21.09,0,21.09,8/6/2025,33,4.1,TRUE,Size Issue,251,Mainland China,CN,121.3051454,31.19150816
FB000751,Dresses,Banana Republic,Winter,XL,Green,55.47,0,55.47,8/6/2025,18,,FALSE,,308,Mainland China,CN,121.351368,31.157657
FB000752,Outerwear,H&M,Spring,XXL,White,122.53,0,122.53,9/21/2024,25,,FALSE,,355,Mainland China,CN,121.4625013,30.92707244
FB000753,Accessories,Uniqlo,Summer,,Beige,61.13,0,61.13,8/6/2025,34,2.6,FALSE,,420,Mainland China,CN,120.163562,33.347383
FB000754,Outerwear,Uniqlo,Spring,XS,Brown,127.59,0,127.59,5/8/2025,1,4.9,FALSE,,960,Mainland China,CN,112.8623389,28.20064089
FB000755,Accessories,Ann Taylor,Summer,,Navy,73.04,0,73.04,8/6/2025,44,4.2,FALSE,,971,Mainland China,CN,113.8511452,34.02455688
FB000756,Outerwear,Uniqlo,Winter,XL,Beige,129.46,0,129.46,8/6/2025,32,4,FALSE,,702,Mainland China,CN,104.010626,30.626518
FB000757,Accessories,Banana Republic,Winter,,White,51.3,0,51.3,8/6/2025,33,,FALSE,,647,Mainland China,CN,118.800044,34.105075
FB000758,Dresses,H&M,Spring,L,Gray,173,0,173,4/12/2025,13,3.9,FALSE,,183,Mainland China,CN,110.0073254,39.8199852
FB000759,Accessories,Uniqlo,Summer,,Green,70.72,0,70.72,8/6/2025,18,2.8,FALSE,,963,Mainland China,CN,119.1294622,36.71730135
FB000760,Dresses,Forever21,Summer,S,Black,126.37,0,126.37,8/6/2025,42,2,FALSE,,237,Mainland China,CN,113.156293,23.04485462
FB000761,Bottoms,Zara,Winter,XXL,Blue,84.19,9.6,76.11,8/6/2025,45,2.1,FALSE,,895,Mainland China,CN,120.6630277,28.01044113
FB000762,Accessories,Forever21,Summer,,Pink,59.39,44.6,32.9,8/6/2025,41,2.3,TRUE,Color Mismatch,195,Mainland China,CN,107.2418629,34.34518586
FB000763,Outerwear,Mango,Fall,M,Green,195.38,0.3,194.79,8/6/2025,30,2.9,FALSE,,599,Mainland China,CN,116.3211995,39.68702474
FB000764,Dresses,Gap,Spring,S,White,107.64,7.5,99.57,9/10/2024,21,4.6,FALSE,,994,Mainland China,CN,120.1672911,30.18674449
FB000765,Shoes,H&M,Spring,L,Blue,63.12,0,63.12,11/8/2024,35,2.9,FALSE,,298,Mainland China,CN,111.97157,21.860511
FB000766,Bottoms,Gap,Fall,L,Blue,58.91,0,58.91,8/6/2025,17,2,FALSE,,327,Mainland China,CN,121.377426,28.57936
FB000767,Bottoms,H&M,Summer,L,Green,93.27,0,93.27,8/6/2025,18,3.7,FALSE,,472,Mainland China,CN,117.2869006,31.74057248
FB000768,Dresses,Forever21,Spring,XL,Green,147.88,36.8,93.46,9/8/2024,37,3.3,FALSE,,335,Mainland China,CN,108.830698,34.28981733
FB000769,Tops,Uniqlo,Fall,L,Gray,30.53,0,30.53,8/6/2025,25,2.5,FALSE,,340,Mainland China,CN,113.313585,23.08576249
FB000770,Tops,Zara,Fall,S,White,104.96,1.6,103.28,8/6/2025,33,2,FALSE,,836,Mainland China,CN,104.3876759,31.1214657
FB000771,Dresses,H&M,Winter,XS,Blue,75.52,0,75.52,8/6/2025,2,2.8,FALSE,,674,Mainland China,CN,112.9044443,28.18885594
FB000772,Bottoms,Gap,Winter,M,Red,54.7,0,54.7,8/6/2025,18,4.2,FALSE,,595,Mainland China,CN,112.9885958,28.06784392
FB000773,Shoes,Ann Taylor,Summer,XS,Black,126.25,25.9,93.55,8/6/2025,40,1.5,TRUE,Size Issue,697,Mainland China,CN,115.8955565,28.58726417
FB000774,Shoes,Banana Republic,Summer,XS,Blue,63.86,52.8,30.14,8/6/2025,23,,FALSE,,752,Mainland China,CN,113.597522,24.810403
FB000775,Accessories,Uniqlo,Winter,,Red,75.93,0,75.93,8/6/2025,32,3.1,FALSE,,937,Mainland China,CN,101.7068129,36.64106993
FB000776,Tops,Zara,Fall,M,Brown,82.51,27.3,59.98,8/6/2025,9,3.8,FALSE,,513,Mainland China,CN,113.8583757,22.76060627
FB000777,Bottoms,Banana Republic,Fall,XXL,Green,46.02,0,46.02,8/6/2025,21,1.1,FALSE,,745,Mainland China,CN,122.283999,43.62962848
FB000778,Dresses,Mango,Winter,XXL,Brown,125.67,45.5,68.49,8/6/2025,27,1.6,FALSE,,685,Mainland China,CN,115.8169993,28.6137453
FB000779,Shoes,Mango,Winter,S,Red,65.61,50.7,32.35,8/6/2025,23,1.1,FALSE,,760,Mainland China,CN,113.060267,22.502502
FB000780,Dresses,Banana Republic,Summer,XS,Beige,91.61,0,91.61,8/6/2025,31,1.4,FALSE,,734,Mainland China,CN,113.9444976,30.93012686
FB000781,Outerwear,H&M,Summer,XS,Pink,162.78,0,162.78,8/6/2025,0,,FALSE,,325,Mainland China,CN,121.4987206,31.26354708
FB000782,Outerwear,Mango,Winter,M,Gray,134.35,35.3,86.92,8/6/2025,36,,FALSE,,308,Mainland China,CN,112.5681051,37.78930736
FB000783,Bottoms,Mango,Spring,,Gray,77.74,38.8,47.58,7/11/2025,23,4.3,FALSE,,419,Mainland China,CN,113.3021031,40.06393852
FB000784,Accessories,Gap,Summer,,Brown,49.33,59.9,19.78,8/6/2025,47,,FALSE,,379,Mainland China,CN,129.5925711,44.56737016
FB000785,Outerwear,Forever21,Summer,S,Gray,231.52,17.3,191.47,8/6/2025,49,2.1,FALSE,,819,Mainland China,CN,119.974062,31.811226
FB000786,Outerwear,Gap,Winter,XL,White,140.1,0,140.1,8/6/2025,14,3.9,FALSE,,911,Mainland China,CN,118.8119832,32.08658334
FB000787,Dresses,Ann Taylor,Summer,S,Pink,117.38,27.8,84.75,8/6/2025,34,2.8,TRUE,Quality Issue,421,Mainland China,CN,118.12065,24.473566
FB000788,Tops,Ann Taylor,Spring,S,Purple,83.98,0,83.98,8/29/2024,23,1.9,FALSE,,579,Mainland China,CN,103.7914652,25.49121288
FB000789,Dresses,H&M,Spring,XL,Navy,111.67,53.5,51.93,2/5/2025,19,,FALSE,,982,Mainland China,CN,117.227239,31.820587
FB000790,Bottoms,H&M,Summer,S,White,25.16,0,25.16,8/6/2025,37,2.8,FALSE,,397,Mainland China,CN,121.6087556,31.26718785
FB000791,Outerwear,Banana Republic,Fall,XL,Blue,175.82,23,135.38,8/6/2025,1,3.7,FALSE,,374,Mainland China,CN,87.51829,43.84175
FB000792,Tops,Mango,Summer,XS,Green,53.25,37.5,33.28,8/6/2025,33,4.3,FALSE,,357,Mainland China,CN,117.0124988,39.37642677
FB000793,Outerwear,Banana Republic,Fall,M,Purple,215.19,43,122.66,8/6/2025,48,2.5,FALSE,,749,Mainland China,CN,106.5871767,29.57794024
FB000794,Bottoms,Zara,Summer,S,Pink,78.41,20.7,62.18,8/6/2025,9,4.4,FALSE,,581,Mainland China,CN,117.3688621,32.91700752
FB000795,Shoes,Zara,Summer,XXL,Pink,173.15,0,173.15,8/6/2025,45,2.2,FALSE,,955,Mainland China,CN,118.5400986,37.45669322
FB000796,Accessories,Zara,Fall,,Blue,16.84,36.6,10.68,8/6/2025,34,1.7,FALSE,,930,Mainland China,CN,102.8255535,24.8778369
FB000797,Outerwear,Forever21,Summer,S,Purple,128.6,0,128.6,8/6/2025,11,2.3,FALSE,,460,Mainland China,CN,120.509076,30.09290704
FB000798,Outerwear,Ann Taylor,Spring,XXL,Green,131.74,0,131.74,9/13/2024,46,4.6,FALSE,,732,Mainland China,CN,120.0395203,29.28452551
FB000799,Bottoms,Forever21,Summer,XXL,White,28.15,12.7,24.57,8/6/2025,13,3.9,FALSE,,782,Mainland China,CN,117.351652,31.87551064
FB000800,Outerwear,Forever21,Winter,XL,Red,165.1,58.4,68.68,8/6/2025,29,1.2,FALSE,,847,Mainland China,CN,106.18148,38.48754
FB000801,Tops,Mango,Spring,XL,Gray,49.62,0.8,49.22,11/17/2024,22,2.3,FALSE,,220,Mainland China,CN,121.364379,31.132191
FB000802,Tops,Banana Republic,Fall,XL,Black,98.52,18.9,79.9,8/6/2025,37,4.1,TRUE,Wrong Item,954,Mainland China,CN,117.1884657,34.1924042
FB000803,Shoes,Mango,Fall,S,Green,94.19,30.8,65.18,8/6/2025,31,1.4,FALSE,,283,Mainland China,CN,112.851831,35.490702
FB000804,Accessories,Forever21,Winter,,Gray,23.5,0,23.5,8/6/2025,14,3.9,TRUE,Quality Issue,666,Mainland China,CN,111.68382,29.05478464
FB000805,Bottoms,Zara,Fall,S,Beige,109.36,0,109.36,8/6/2025,0,1.1,FALSE,,953,Mainland China,CN,111.993497,27.700063
FB000806,Accessories,H&M,Fall,,Blue,69.73,0,69.73,8/6/2025,7,1.1,TRUE,Color Mismatch,442,Mainland China,CN,116.7240763,39.52761671
FB000807,Shoes,H&M,Summer,XS,Green,199.03,57.3,84.99,8/6/2025,37,3.4,FALSE,,894,Mainland China,CN,124.354451,40.000787
FB000808,Bottoms,Gap,Spring,M,White,82.32,56.7,35.64,12/23/2024,41,,FALSE,,453,Mainland China,CN,107.468023,31.209572
FB000809,Bottoms,Uniqlo,Spring,M,Navy,52.42,9.9,47.23,10/16/2024,42,3.5,FALSE,,295,Mainland China,CN,113.6827036,22.83364355
FB000810,Outerwear,Ann Taylor,Fall,S,White,180.49,0,180.49,8/6/2025,18,2.5,TRUE,Wrong Item,724,Mainland China,CN,113.04426,23.716433
FB000811,Dresses,Ann Taylor,Fall,XL,White,63.02,0,63.02,8/6/2025,37,2.5,FALSE,,465,Mainland China,CN,123.9391287,47.37144046
FB000812,Tops,Mango,Spring,XL,Red,97.05,0,97.05,12/25/2024,9,,FALSE,,713,Mainland China,CN,123.9812716,47.34370602
FB000813,Bottoms,Zara,Winter,XXL,Pink,79.62,0,79.62,8/6/2025,37,4.1,FALSE,,604,Mainland China,CN,113.713047,34.87345915
FB000814,Dresses,Zara,Winter,M,Red,82.5,0,82.5,8/6/2025,0,,FALSE,,635,Mainland China,CN,119.4851704,31.39483902
FB000815,Bottoms,Ann Taylor,Spring,L,Purple,117.18,13.7,101.13,8/2/2025,5,4.8,FALSE,,959,Mainland China,CN,115.6624918,34.37701309
FB000816,Outerwear,Ann Taylor,Spring,XS,Brown,174.05,0,174.05,4/13/2025,9,,FALSE,,231,Mainland China,CN,118.1150884,24.48397403
FB000817,Bottoms,Forever21,Spring,XS,Brown,58.29,0,58.29,1/7/2025,22,2.3,FALSE,,989,Mainland China,CN,113.8153107,23.27610993
FB000818,Bottoms,H&M,Summer,M,White,61.42,57.5,26.1,8/6/2025,3,4.8,FALSE,,481,Mainland China,CN,106.6089824,26.63275068
FB000819,Accessories,Zara,Winter,,Pink,20.24,0,20.24,8/6/2025,20,4.1,FALSE,,542,Mainland China,CN,120.7180451,30.75289172
FB000820,Bottoms,Zara,Fall,L,Red,88.58,0,88.58,8/6/2025,50,,FALSE,,626,Mainland China,CN,106.512709,29.537187
FB000821,Bottoms,Ann Taylor,Winter,XXL,Purple,67.92,0,67.92,8/6/2025,23,1.8,TRUE,Size Issue,376,Mainland China,CN,105.420072,28.91096573
FB000822,Accessories,Ann Taylor,Fall,,White,25.39,0,25.39,8/6/2025,42,1.8,FALSE,,806,Mainland China,CN,87.57173252,43.9106962
FB000823,Dresses,Forever21,Winter,S,Black,115.89,39.4,70.23,8/6/2025,14,3.8,TRUE,Damaged,768,Mainland China,CN,113.116404,36.195409
FB000824,Bottoms,Forever21,Summer,XL,Blue,103.94,16.1,87.21,8/6/2025,6,4.9,TRUE,Changed Mind,466,Mainland China,CN,120.16322,30.255015
FB000825,Shoes,Gap,Winter,L,Red,94.72,20.5,75.3,8/6/2025,24,3.6,FALSE,,199,Mainland China,CN,120.143934,30.305291
FB000826,Accessories,Ann Taylor,Fall,,Pink,23.28,0,23.28,8/6/2025,44,3.1,TRUE,Quality Issue,294,Mainland China,CN,116.6814999,23.35633675
FB000827,Tops,Gap,Summer,S,Pink,90.73,0,90.73,8/6/2025,14,1.1,FALSE,,442,Mainland China,CN,110.180529,22.63455561
FB000828,Bottoms,H&M,Fall,XXL,Green,25.74,0,25.74,8/6/2025,33,1.1,TRUE,Color Mismatch,246,Mainland China,CN,119.024634,33.595442
FB000829,Shoes,Ann Taylor,Spring,XL,Gray,162.97,0,162.97,11/22/2024,47,2.2,TRUE,Wrong Item,812,Mainland China,CN,113.268445,23.09866348
FB000830,Accessories,H&M,Winter,,Black,50.33,8.7,45.95,8/6/2025,14,1.3,FALSE,,725,Mainland China,CN,118.997629,25.418709
FB000831,Shoes,Uniqlo,Spring,,Pink,60.38,0,60.38,4/29/2025,0,,FALSE,,517,Mainland China,CN,113.4139197,23.10592078
FB000832,Tops,Uniqlo,Summer,XXL,Black,103.65,0,103.65,8/6/2025,29,3.7,FALSE,,874,Mainland China,CN,112.5910552,26.88304119
FB000833,Bottoms,Gap,Spring,L,Beige,75.14,0,75.14,1/27/2025,41,,TRUE,Changed Mind,496,Mainland China,CN,114.3117197,30.61174194
FB000834,Shoes,H&M,Winter,S,Pink,88,0,88,8/6/2025,2,1.9,FALSE,,348,Mainland China,CN,119.5061735,32.17564482
FB000835,Dresses,Ann Taylor,Winter,XS,Red,69.54,0,69.54,8/6/2025,21,,FALSE,,622,Mainland China,CN,116.3734254,39.9112147
FB000836,Outerwear,Mango,Winter,XS,Pink,209.52,0,209.52,8/6/2025,48,2.6,FALSE,,871,Mainland China,CN,116.3734007,39.91122656
FB000837,Shoes,H&M,Fall,XXL,Beige,97.42,0,97.42,8/6/2025,35,2,FALSE,,513,Mainland China,CN,121.416474,28.637225
FB000838,Dresses,Uniqlo,Winter,XS,White,154.6,0,154.6,8/6/2025,38,4.5,TRUE,Changed Mind,818,Mainland China,CN,121.4148222,31.02731492
FB000839,Bottoms,Zara,Summer,XL,White,81.59,38,50.59,8/6/2025,31,1.2,FALSE,,518,Mainland China,CN,116.290904,39.959051
FB000840,Accessories,Mango,Winter,,Brown,48.04,0,48.04,8/6/2025,46,4.8,FALSE,,489,Mainland China,CN,106.462441,29.554753
FB000841,Tops,Banana Republic,Fall,S,Green,70.77,0,70.77,8/6/2025,5,3.7,FALSE,,110,Mainland China,CN,106.63267,26.64615
FB000842,Outerwear,Forever21,Fall,S,Gray,103.49,0,103.49,8/6/2025,12,1.8,FALSE,,673,Mainland China,CN,106.572839,29.521917
FB000843,Outerwear,Uniqlo,Spring,L,Purple,138.89,0,138.89,1/30/2025,10,,FALSE,,928,Colombia,CO,-74.06680483,4.732019232
FB000844,Accessories,H&M,Winter,,Green,73.51,32.2,49.84,8/6/2025,17,,TRUE,Wrong Item,758,Colombia,CO,-74.035608,4.885416
FB000845,Bottoms,Zara,Spring,M,Purple,82.37,0,82.37,6/4/2025,49,3.3,FALSE,,314,Colombia,CO,-74.12604517,4.651364622
FB000846,Dresses,Ann Taylor,Summer,XS,Navy,81.71,18,67,8/6/2025,28,4.7,FALSE,,584,Colombia,CO,-74.11507595,4.63179907
FB000847,Dresses,Banana Republic,Winter,XXL,Navy,107.02,10.6,95.68,8/6/2025,6,,FALSE,,773,Colombia,CO,-75.559087,6.205892
FB000848,Bottoms,H&M,Summer,XL,Pink,103.23,18.7,83.93,8/6/2025,6,4,FALSE,,626,Colombia,CO,-74.8218248,11.00831659
FB000849,Tops,Gap,Fall,L,Blue,100.48,17.6,82.8,8/6/2025,19,,FALSE,,692,Colombia,CO,-75.5812119,6.244203
FB000850,Shoes,Ann Taylor,Winter,XL,White,160.87,53.7,74.48,8/6/2025,18,,FALSE,,405,Colombia,CO,-74.072092,4.7109886
FB000851,Accessories,Mango,Fall,,White,78.39,0,78.39,8/6/2025,7,4.2,FALSE,,248,Colombia,CO,-75.5812119,6.244203
FB000852,Outerwear,Zara,Spring,S,Beige,168.38,23.1,129.48,6/4/2025,3,2,FALSE,,735,Colombia,CO,-74.072092,4.7109886
FB000853,Shoes,Banana Republic,Winter,S,Navy,128.35,0,128.35,8/6/2025,20,2.5,FALSE,,305,Colombia,CO,-75.5588606,6.325535617
FB000854,Dresses,Uniqlo,Spring,XL,Gray,138.17,3,134.02,4/4/2025,34,4.1,FALSE,,157,Colombia,CO,-76.52658552,3.368071802
FB000855,Dresses,Uniqlo,Fall,M,Navy,52.45,0,52.45,8/6/2025,16,1.7,FALSE,,771,Cyprus,CY,33.36140881,35.17169284
FB000856,Shoes,H&M,Winter,XS,White,171.53,0,171.53,8/6/2025,12,4.8,FALSE,,895,Czech Republic,CZ,14.40213,50.07278
FB000857,Tops,Mango,Fall,XXL,Brown,81.23,1.2,80.26,8/6/2025,10,4.9,FALSE,,995,Czech Republic,CZ,14.2884,50.05441
FB000858,Accessories,Banana Republic,Spring,,Blue,31.37,44.1,17.54,9/13/2024,11,3.4,FALSE,,304,Czech Republic,CZ,14.50173,50.13554
FB000859,Bottoms,Gap,Spring,S,Red,93.89,0,93.89,2/3/2025,3,1.8,FALSE,,568,Czech Republic,CZ,14.42539,50.08568
FB000860,Bottoms,Uniqlo,Spring,XL,Gray,54.84,0,54.84,9/22/2024,12,3.2,FALSE,,804,Czech Republic,CZ,16.6068,49.19543
FB000861,Dresses,Zara,Winter,L,Red,140.34,0,140.34,8/6/2025,23,2.8,TRUE,Changed Mind,166,Czech Republic,CZ,13.4255,49.70114
FB000862,Tops,Banana Republic,Fall,M,Red,51.88,16.8,43.16,8/6/2025,30,1.5,FALSE,,232,Czech Republic,CZ,17.30574,49.55907
FB000863,Dresses,Mango,Spring,S,Purple,136.2,44.3,75.86,11/21/2024,49,,FALSE,,696,Czech Republic,CZ,14.42872,50.08918
FB000864,Accessories,H&M,Summer,,Brown,71.19,0,71.19,8/6/2025,14,2.8,FALSE,,833,Czech Republic,CZ,18.22798,49.80077
FB000865,Outerwear,Forever21,Spring,S,Navy,241.37,44.9,132.99,5/15/2025,23,2.1,FALSE,,638,Czech Republic,CZ,14.42595,50.08289
FB000866,Outerwear,Gap,Fall,XXL,Blue,198.26,51.3,96.55,8/6/2025,38,,FALSE,,267,Czech Republic,CZ,14.42656,50.06081
FB000867,Bottoms,Ann Taylor,Winter,XXL,Beige,64.07,0,64.07,8/6/2025,34,,FALSE,,503,Czech Republic,CZ,14.54137,50.07226
FB000868,Bottoms,Zara,Fall,XL,Gray,110.15,10.4,98.69,8/6/2025,36,1.6,FALSE,,972,Czech Republic,CZ,17.66778,49.2266
FB000869,Outerwear,Forever21,Spring,XS,Blue,120.68,0,120.68,12/21/2024,6,1.9,FALSE,,910,Czech Republic,CZ,15.05517,50.76557
FB000870,Accessories,Zara,Fall,,Black,69.18,31,47.73,8/6/2025,9,2.7,TRUE,Size Issue,161,Czech Republic,CZ,16.63128,49.13905
FB000871,Dresses,Ann Taylor,Fall,L,Red,134.77,0,134.77,8/6/2025,36,4.8,FALSE,,107,Czech Republic,CZ,14.03911,50.65873
FB000872,Tops,Uniqlo,Spring,S,Black,29.93,0,29.93,10/10/2024,13,,FALSE,,171,Czech Republic,CZ,15.76851,50.03793
FB000873,Accessories,Gap,Winter,,White,56.09,0,56.09,8/6/2025,21,4.9,FALSE,,109,Czech Republic,CZ,15.84853,50.1972
FB000874,Shoes,Gap,Fall,XS,Green,124.81,33.1,83.5,8/6/2025,45,2.4,FALSE,,362,Czech Republic,CZ,14.48064,48.97436
FB000875,Dresses,Zara,Spring,M,White,94.03,56.1,41.28,12/16/2024,16,1.2,FALSE,,397,Czech Republic,CZ,14.49143,50.1037
FB000876,Shoes,Zara,Fall,XS,Red,109.51,8.2,100.53,8/6/2025,12,,FALSE,,358,Czech Republic,CZ,16.61503,49.18703
FB000877,Accessories,Mango,Winter,,Navy,31.13,0,31.13,8/6/2025,29,4.7,FALSE,,1000,Czech Republic,CZ,18.28531,49.83158
FB000878,Accessories,Banana Republic,Fall,,Blue,66.3,1.7,65.17,8/6/2025,28,1.6,FALSE,,873,Czech Republic,CZ,17.90081,49.94094
FB000879,Bottoms,H&M,Winter,M,Red,66.63,28.4,47.71,8/6/2025,32,2,FALSE,,589,Czech Republic,CZ,13.36864,49.74945
FB000880,Bottoms,Mango,Spring,L,Green,117.63,0,117.63,9/28/2024,18,1.2,FALSE,,542,Czech Republic,CZ,16.62701,49.15782
FB000881,Shoes,Banana Republic,Winter,M,Purple,174.53,0,174.53,8/6/2025,45,,FALSE,,610,Czech Republic,CZ,17.25728,49.58709
FB000882,Dresses,Zara,Winter,S,Green,152.65,0,152.65,8/6/2025,27,3.7,FALSE,,606,Czech Republic,CZ,13.82382,50.63965
FB000883,Outerwear,Ann Taylor,Summer,XL,Blue,83.24,0,83.24,8/6/2025,16,,FALSE,,286,Czech Republic,CZ,18.34718,49.68063
FB000884,Accessories,Zara,Winter,,Brown,40.18,0,40.18,8/6/2025,27,4.7,FALSE,,393,Czech Republic,CZ,18.26362,49.83301
FB000885,Bottoms,Mango,Spring,XL,Red,73.77,22.8,56.95,8/18/2024,0,,FALSE,,874,Czech Republic,CZ,17.25015,49.59528
FB000886,Accessories,Forever21,Winter,,Red,71.3,0,71.3,8/6/2025,29,,FALSE,,953,Czech Republic,CZ,14.43264,50.02666
FB000887,Accessories,Forever21,Summer,,Beige,50.3,52.8,23.74,8/6/2025,11,,FALSE,,629,Czech Republic,CZ,14.193172,50.7724
FB000888,Accessories,H&M,Spring,,Green,46.97,0,46.97,2/24/2025,33,2.6,FALSE,,805,Czech Republic,CZ,14.1015587,50.14247046
FB000889,Shoes,Zara,Fall,,Brown,162.9,0,162.9,8/6/2025,30,1.9,FALSE,,932,Czech Republic,CZ,15.05018,50.7417
FB000890,Bottoms,Forever21,Winter,XL,White,57.14,0,57.14,8/6/2025,39,1.4,FALSE,,189,Czech Republic,CZ,14.29047,50.09349
FB000891,Shoes,Ann Taylor,Spring,L,Purple,93.6,0,93.6,9/9/2024,49,4.3,FALSE,,777,Czech Republic,CZ,14.40209,50.07185
FB000892,Accessories,Forever21,Spring,,Brown,64.56,43,36.8,8/6/2024,36,3.9,FALSE,,200,Czech Republic,CZ,17.11279,49.47241
FB000893,Outerwear,Ann Taylor,Winter,S,Navy,142.34,0,142.34,8/6/2025,43,,FALSE,,186,Czech Republic,CZ,14.4614,50.07813
FB000894,Shoes,Gap,Spring,XS,White,111.02,57.8,46.85,5/19/2025,11,2.2,FALSE,,756,Czech Republic,CZ,14.35489,50.0469
FB000895,Tops,Banana Republic,Winter,,Black,29.16,49,14.87,8/6/2025,31,,FALSE,,349,Czech Republic,CZ,17.45542,49.45075
FB000896,Tops,Ann Taylor,Summer,XS,Black,30.46,0,30.46,8/6/2025,19,1.2,FALSE,,308,Czech Republic,CZ,14.58428,50.10813
FB000897,Accessories,Forever21,Winter,,Blue,31.32,0,31.32,8/6/2025,28,2.7,FALSE,,591,Czech Republic,CZ,14.49111,50.03219
FB000898,Bottoms,Uniqlo,Spring,M,Pink,61.78,0,61.78,7/30/2025,24,3.5,FALSE,,238,Czech Republic,CZ,14.47205,48.98341
FB000899,Outerwear,Zara,Summer,M,Green,126.27,0,126.27,8/6/2025,1,4.7,FALSE,,728,Czech Republic,CZ,15.81214,50.21217
FB000900,Outerwear,Uniqlo,Winter,L,White,147.53,0,147.53,8/6/2025,33,4.7,TRUE,Quality Issue,383,Czech Republic,CZ,15.16793,50.72377
FB000901,Accessories,Banana Republic,Summer,,Red,36.98,12.2,32.47,8/6/2025,14,4.8,FALSE,,831,Czech Republic,CZ,13.43807,49.74618
FB000902,Shoes,H&M,Fall,M,Pink,172.41,0,172.41,8/6/2025,33,2.3,FALSE,,605,Czech Republic,CZ,18.20073,49.8283
FB000903,Accessories,H&M,Spring,,Pink,53.79,16,45.18,10/1/2024,32,,FALSE,,525,Czech Republic,CZ,14.46881,50.067937
FB000904,Shoes,Mango,Summer,XS,Beige,80.56,0,80.56,8/6/2025,7,1.9,FALSE,,599,Czech Republic,CZ,12.82321,50.22525
FB000905,Accessories,Mango,Fall,,Pink,51.72,0,51.72,8/6/2025,35,3.7,TRUE,Damaged,607,Germany,DE,7.006919,51.496413
FB000906,Bottoms,Mango,Spring,XL,Pink,107.22,37.8,66.69,7/11/2025,21,2.9,FALSE,,845,Germany,DE,12.11643906,49.02594881
FB000907,Shoes,H&M,Fall,XXL,Green,174.99,50.1,87.32,8/6/2025,7,4.9,FALSE,,108,Germany,DE,8.447513,49.485317
FB000908,Dresses,Forever21,Spring,S,Blue,90.52,53.2,42.36,7/28/2025,37,2.2,FALSE,,311,Germany,DE,6.990043,49.239247
FB000909,Shoes,Forever21,Summer,XXL,Green,94.93,16.6,79.17,8/6/2025,39,4.8,FALSE,,121,Germany,DE,6.718949,51.201031
FB000910,Shoes,Banana Republic,Winter,XS,Gray,179.82,0,179.82,8/6/2025,28,2.4,TRUE,Damaged,243,Germany,DE,7.849462,48.119209
FB000911,Tops,Uniqlo,Spring,,Brown,101.96,23.7,77.8,5/21/2025,29,3.6,FALSE,,535,Germany,DE,8.448176,50.086449
FB000912,Bottoms,Banana Republic,Spring,S,Green,27.11,16.2,22.72,12/8/2024,10,2.4,TRUE,Changed Mind,754,Germany,DE,10.321604,50.975096
FB000913,Outerwear,Gap,Summer,S,Black,141.83,0,141.83,8/6/2025,2,2.4,TRUE,Color Mismatch,599,Germany,DE,8.903973,52.028267
FB000914,Shoes,Gap,Spring,,Beige,156.34,37,98.49,4/13/2025,45,2.9,TRUE,Size Issue,969,Germany,DE,8.819162,47.984348
FB000915,Tops,Forever21,Summer,XS,Brown,81.84,0,81.84,8/6/2025,41,2.4,FALSE,,851,Germany,DE,11.46325868,48.14856952
FB000916,Bottoms,H&M,Fall,L,Black,36.44,19.9,29.19,8/6/2025,39,1.8,FALSE,,316,Germany,DE,8.431446,49.317697
FB000917,Outerwear,Ann Taylor,Fall,S,Pink,155.3,0,155.3,8/6/2025,9,3,FALSE,,570,Germany,DE,9.990134239,48.3981377
FB000918,Bottoms,Uniqlo,Fall,XL,Red,84.04,28.5,60.09,8/6/2025,3,1,FALSE,,364,Germany,DE,8.669692,50.587463
FB000919,Shoes,Gap,Fall,XS,Brown,98.76,56.4,43.06,8/6/2025,22,4.5,FALSE,,560,Germany,DE,7.891503,51.763255
FB000920,Accessories,Ann Taylor,Summer,,White,52.99,59.1,21.67,8/6/2025,50,3.4,TRUE,Size Issue,555,Germany,DE,6.09561,51.063046
FB000921,Bottoms,Uniqlo,Spring,L,Red,39.84,0,39.84,4/18/2025,24,2.4,FALSE,,668,Germany,DE,10.00565688,48.39421083
FB000922,Accessories,Ann Taylor,Spring,,Green,40.01,0,40.01,6/5/2025,22,4.5,FALSE,,529,Germany,DE,6.950581,51.10985
FB000923,Outerwear,Ann Taylor,Summer,L,Navy,245.75,0,245.75,8/6/2025,12,,TRUE,Changed Mind,102,Germany,DE,12.64456,51.86732
FB000924,Bottoms,Zara,Winter,XL,Gray,102.25,0,102.25,8/6/2025,6,3.8,FALSE,,728,Germany,DE,7.45895,51.51402
FB000925,Tops,Ann Taylor,Summer,M,Gray,76.33,0,76.33,8/6/2025,15,2,TRUE,Wrong Item,448,Germany,DE,8.527889,50.119318
FB000926,Accessories,Zara,Spring,,Gray,51.79,39,31.59,3/17/2025,37,2.5,FALSE,,487,Germany,DE,12.52443,48.24114
FB000927,Outerwear,Zara,Spring,XXL,Pink,141.24,12.9,123.02,10/2/2024,23,1.7,FALSE,,847,Germany,DE,9.737884,52.439949
FB000928,Accessories,Uniqlo,Spring,,Black,66.18,0,66.18,5/23/2025,20,1.7,FALSE,,748,Germany,DE,9.130107,48.960121
FB000929,Tops,Banana Republic,Summer,M,Navy,35.15,0,35.15,8/6/2025,38,2.2,FALSE,,468,Germany,DE,8.61304,50.228632
FB000930,Accessories,H&M,Spring,,Pink,35.62,41.2,20.94,3/20/2025,4,3.7,FALSE,,326,Germany,DE,7.595443,50.357701
FB000931,Accessories,Forever21,Summer,,Green,35.64,0,35.64,8/6/2025,48,5,TRUE,Color Mismatch,572,Germany,DE,9.174842,47.66043
FB000932,Bottoms,Ann Taylor,Summer,L,Red,86.68,0,86.68,8/6/2025,2,,FALSE,,469,Germany,DE,12.478168,51.347289
FB000933,Accessories,H&M,Fall,,Pink,17.72,0,17.72,8/6/2025,9,1.2,FALSE,,354,Germany,DE,9.680514,50.553
FB000934,Outerwear,Uniqlo,Fall,XXL,Pink,87.95,13.3,76.25,8/6/2025,4,4.5,FALSE,,853,Germany,DE,9.168106,53.057508
FB000935,Outerwear,Mango,Spring,XS,Gray,216.26,0,216.26,4/16/2025,26,1.1,FALSE,,917,Germany,DE,7.117497,49.279701
FB000936,Outerwear,Mango,Summer,S,Black,238.11,0,238.11,8/6/2025,49,,FALSE,,965,Germany,DE,13.38135364,52.51065373
FB000937,Shoes,Uniqlo,Winter,XXL,Pink,112.77,0,112.77,8/6/2025,11,4.1,FALSE,,858,Germany,DE,9.702402,47.553833
FB000938,Accessories,Gap,Winter,,Navy,39.02,44.8,21.54,8/6/2025,29,3.4,FALSE,,796,Germany,DE,13.259647,52.43158
FB000939,Tops,Ann Taylor,Spring,XXL,Purple,69.77,0,69.77,11/9/2024,29,5,FALSE,,829,Germany,DE,8.748796,53.111546
FB000940,Dresses,H&M,Spring,M,Purple,124.92,48.4,64.46,5/3/2025,22,3.2,FALSE,,661,Germany,DE,11.13490105,49.40348954
FB000941,Dresses,Banana Republic,Summer,,Purple,83.92,29.4,59.25,8/6/2025,20,2.1,TRUE,Quality Issue,116,Germany,DE,6.977153,51.249079
FB000942,Outerwear,Forever21,Fall,XS,Beige,180.91,0,180.91,8/6/2025,10,3.8,FALSE,,663,Germany,DE,8.502648,50.563157
FB000943,Shoes,Forever21,Spring,XXL,Brown,120.11,0,120.11,12/24/2024,27,4.1,FALSE,,310,Germany,DE,8.651796,50.109179
FB000944,Outerwear,Forever21,Summer,XL,Red,225.01,0,225.01,8/6/2025,50,1.9,TRUE,Size Issue,105,Germany,DE,8.740314,50.180735
FB000945,Dresses,Mango,Summer,L,Green,115.57,0,115.57,8/6/2025,32,3,FALSE,,487,Germany,DE,9.429127,48.947569
FB000946,Accessories,Gap,Fall,,Blue,21.2,19,17.17,8/6/2025,22,1.3,FALSE,,958,Germany,DE,9.811016,52.306903
FB000947,Bottoms,Zara,Spring,XXL,Black,52.36,0,52.36,4/22/2025,35,,FALSE,,358,Germany,DE,9.42888,51.22768
FB000948,Accessories,Ann Taylor,Fall,,Gray,73.43,0,73.43,8/6/2025,22,2.3,FALSE,,151,Germany,DE,13.735377,51.048272
FB000949,Accessories,Ann Taylor,Spring,,Purple,70.75,0,70.75,5/12/2025,0,1.4,FALSE,,903,Germany,DE,7.075218,51.44702
FB000950,Accessories,Gap,Fall,,White,58.9,0,58.9,8/6/2025,39,4,FALSE,,398,Germany,DE,10.90751,48.36559
FB000951,Outerwear,Forever21,Winter,L,Purple,104.78,16.9,87.07,8/6/2025,43,4.3,FALSE,,488,Germany,DE,8.916485,50.13506
FB000952,Accessories,Forever21,Fall,,Blue,55.3,0,55.3,8/6/2025,17,2.5,FALSE,,883,Germany,DE,10.11759347,53.60563062
FB000953,Bottoms,Gap,Summer,XS,Black,56.65,34,37.39,8/6/2025,23,4.3,FALSE,,487,Germany,DE,7.283137,51.4947
FB000954,Shoes,Uniqlo,Fall,XS,Pink,199.14,0,199.14,8/6/2025,18,,FALSE,,878,Germany,DE,7.200997,51.613356
FB000955,Shoes,Zara,Fall,M,Pink,128.68,0,128.68,8/6/2025,8,2.2,FALSE,,337,Germany,DE,8.839812,47.760093
FB000956,Outerwear,Uniqlo,Fall,XL,Beige,150.37,51.9,72.33,8/6/2025,15,5,FALSE,,481,Germany,DE,12.374056,51.34365
FB000957,Dresses,Forever21,Winter,M,Pink,162.65,0,162.65,8/6/2025,36,1.4,FALSE,,763,Germany,DE,9.699597359,53.47683453
FB000958,Bottoms,Mango,Summer,XXL,White,28.9,0,28.9,8/6/2025,5,4.6,FALSE,,969,Germany,DE,8.565509,49.5272
FB000959,Accessories,Forever21,Spring,,Pink,75.59,38.8,46.26,3/29/2025,43,1.1,FALSE,,381,Germany,DE,8.208101,48.857983
FB000960,Tops,Zara,Spring,S,Brown,30.9,5.5,29.2,11/6/2024,25,1.4,FALSE,,857,Germany,DE,11.5751721,48.13845538
FB000961,Outerwear,Mango,Summer,S,Blue,101.04,0,101.04,8/6/2025,35,3.5,FALSE,,659,Germany,DE,10.871382,49.917836
FB000962,Dresses,Forever21,Fall,S,White,54.81,0,54.81,8/6/2025,41,1.2,TRUE,Wrong Item,181,Germany,DE,9.949268,52.154131
FB000963,Shoes,H&M,Summer,M,Navy,191.61,42.1,110.94,8/6/2025,28,4,FALSE,,983,Germany,DE,10.329764,52.154455
FB000964,Tops,Mango,Summer,XXL,Pink,100.5,0,100.5,8/6/2025,12,2.7,TRUE,Damaged,790,Germany,DE,13.323296,52.462696
FB000965,Shoes,Mango,Spring,XXL,Green,92.35,23.6,70.56,11/28/2024,32,2.2,FALSE,,609,Germany,DE,9.498246,51.316865
FB000966,Shoes,Ann Taylor,Summer,M,Gray,161.24,56.6,69.98,8/6/2025,8,2.1,FALSE,,833,Germany,DE,7.072249,52.435702
FB000967,Dresses,Mango,Winter,XS,Gray,68.03,6.3,63.74,8/6/2025,43,3.4,FALSE,,290,Germany,DE,9.6524214,53.7529665
FB000968,Shoes,Ann Taylor,Fall,XS,Purple,121.21,47.4,63.76,8/6/2025,45,3,TRUE,Changed Mind,727,Germany,DE,9.172176,48.771952
FB000969,Tops,Zara,Winter,L,Blue,69.6,28.8,49.56,8/6/2025,42,3.7,FALSE,,500,Germany,DE,9.476037,51.28811
FB000970,Outerwear,Banana Republic,Winter,XS,White,222.5,18.7,180.89,8/6/2025,47,,FALSE,,718,Germany,DE,9.727176,48.28358
FB000971,Bottoms,Forever21,Fall,XXL,Pink,25.58,54.5,11.64,8/6/2025,34,2.4,FALSE,,765,Germany,DE,7.126535,50.991078
FB000972,Dresses,Mango,Summer,XL,Blue,54.46,6.6,50.87,8/6/2025,17,1.7,FALSE,,509,Germany,DE,11.481535,52.176892
FB000973,Bottoms,Forever21,Winter,S,Pink,43.32,0,43.32,8/6/2025,0,2.6,FALSE,,729,Germany,DE,9.799419,53.660746
FB000974,Accessories,Forever21,Winter,,Red,75.09,0,75.09,8/6/2025,41,3.5,FALSE,,131,Germany,DE,7.78612,47.558793
FB000975,Dresses,Uniqlo,Spring,XS,Red,167.46,0,167.46,8/18/2024,4,1.3,FALSE,,685,Germany,DE,7.081951,51.171447
FB000976,Shoes,Banana Republic,Fall,L,Blue,111.24,34.3,73.08,8/6/2025,3,2.2,FALSE,,307,Germany,DE,10.794897,51.503277
FB000977,Bottoms,Uniqlo,Fall,XXL,Navy,59.36,0,59.36,8/6/2025,16,,FALSE,,278,Germany,DE,7.850806972,47.99611486
FB000978,Shoes,Banana Republic,Fall,S,Navy,199.46,0,199.46,8/6/2025,15,1.4,FALSE,,987,Germany,DE,10.084162,52.624415
FB000979,Shoes,Forever21,Fall,M,White,72.75,50.2,36.23,8/6/2025,28,3.6,FALSE,,508,Germany,DE,9.184517,48.791392
FB000980,Bottoms,Mango,Fall,XS,Pink,86.52,27.6,62.64,8/6/2025,47,1.1,FALSE,,769,Germany,DE,10.779099,48.718659
FB000981,Accessories,Forever21,Spring,,Blue,52.69,40.2,31.51,11/15/2024,7,2.7,FALSE,,838,Germany,DE,9.144825,49.353539
FB000982,Outerwear,Banana Republic,Fall,L,Black,104.18,0,104.18,8/6/2025,12,5,FALSE,,240,Germany,DE,13.259818,53.55789
FB000983,Outerwear,H&M,Winter,L,Red,132.38,58.2,55.33,8/6/2025,24,,FALSE,,905,Germany,DE,12.106847,49.329727
FB000984,Shoes,H&M,Fall,XL,Pink,64.4,0,64.4,8/6/2025,40,4.9,FALSE,,915,Germany,DE,8.697954,53.861833
FB000985,Bottoms,Zara,Summer,XL,Gray,34.07,0,34.07,8/6/2025,25,4.2,TRUE,Wrong Item,468,Germany,DE,6.740590891,51.56216417
FB000986,Bottoms,Zara,Winter,XXL,Red,43.33,45.3,23.7,8/6/2025,1,3.4,FALSE,,878,Germany,DE,8.284884,51.347587
FB000987,Outerwear,Uniqlo,Spring,XL,White,122.92,0,122.92,11/6/2024,41,2.9,FALSE,,378,Germany,DE,9.458310617,52.50476755
FB000988,Shoes,Zara,Spring,S,Gray,142.84,0,142.84,2/14/2025,36,,FALSE,,503,Germany,DE,13.344765,52.52666
FB000989,Shoes,Gap,Summer,XXL,Black,131.55,0,131.55,8/6/2025,45,1.8,FALSE,,292,Germany,DE,13.446665,52.505562
FB000990,Outerwear,Zara,Spring,S,Red,192.58,0,192.58,4/17/2025,16,1.2,FALSE,,362,Germany,DE,11.9127814,50.3135391
FB000991,Accessories,Ann Taylor,Spring,,Purple,33.56,0,33.56,3/27/2025,24,3,FALSE,,967,Germany,DE,8.769480488,53.06471212
FB000992,Accessories,Uniqlo,Summer,,Blue,59.1,0,59.1,8/6/2025,29,1.3,FALSE,,492,Germany,DE,13.404399,52.524574
FB000993,Shoes,Gap,Fall,S,Gray,109.15,20.7,86.56,8/6/2025,28,2,TRUE,Changed Mind,146,Germany,DE,10.989064,49.475772
FB000994,Bottoms,Ann Taylor,Fall,,Beige,59.1,0,59.1,8/6/2025,47,4.6,FALSE,,353,Germany,DE,11.57422327,48.13756563
FB000995,Shoes,Gap,Spring,M,Purple,99.33,0,99.33,5/21/2025,16,3.9,FALSE,,857,Germany,DE,10.00122639,53.55099326
FB000996,Dresses,Ann Taylor,Winter,XL,Navy,92.75,0,92.75,8/6/2025,29,,TRUE,Changed Mind,381,Germany,DE,8.063015,50.385984
FB000997,Tops,Zara,Summer,S,Beige,116.82,0,116.82,8/6/2025,34,,FALSE,,657,Germany,DE,8.68696,50.114851
FB000998,Outerwear,Ann Taylor,Summer,XL,Green,129.78,9.5,117.45,8/6/2025,17,4,FALSE,,739,Germany,DE,6.0899494,50.7750007
FB000999,Dresses,Banana Republic,Spring,XS,Brown,135.69,3,131.62,8/29/2024,16,,FALSE,,740,Germany,DE,7.60491,49.200791
FB001000,Dresses,Gap,Fall,,Red,48.14,28.3,34.52,8/6/2025,41,,FALSE,,632,Germany,DE,7.148828174,51.25672604
FB001001,Dresses,Mango,Fall,XS,Blue,142.96,47.7,74.77,8/6/2025,7,,FALSE,,352,Germany,DE,7.339049083,49.322148
FB001002,Tops,Forever21,Spring,L,Beige,51.72,0,51.72,2/14/2025,50,,FALSE,,803,Germany,DE,14.333601,51.75867
FB001003,Accessories,Zara,Fall,,Brown,18.3,38.3,11.29,8/6/2025,14,1.1,FALSE,,448,Germany,DE,10.618798,47.881057
FB001004,Outerwear,Mango,Spring,L,Navy,214.99,29,152.64,9/6/2024,32,2.8,TRUE,Wrong Item,827,Germany,DE,9.150388,48.921369
FB001005,Accessories,Gap,Spring,,Red,20.77,0,20.77,8/17/2024,31,2,FALSE,,224,Germany,DE,10.1822518,47.9841594
FB001006,Accessories,Gap,Summer,,Pink,77.96,0,77.96,8/6/2025,39,4.8,FALSE,,823,Germany,DE,7.860124,49.843306
FB001007,Accessories,Zara,Fall,,Purple,73.33,34.6,47.96,8/6/2025,45,2.1,FALSE,,320,Germany,DE,9.952550962,53.62229646
FB001008,Accessories,Forever21,Fall,,Purple,75.22,25.9,55.74,8/6/2025,31,1.9,TRUE,Color Mismatch,734,Germany,DE,8.458445,48.05964
FB001009,Bottoms,Gap,Fall,XS,Black,46.65,24.2,35.36,8/6/2025,8,3.2,FALSE,,984,Germany,DE,8.697865085,50.04919989
FB001010,Dresses,Mango,Fall,XXL,Pink,108.19,0,108.19,8/6/2025,21,,FALSE,,435,Germany,DE,12.157362,49.674617
FB001011,Dresses,Zara,Spring,L,Red,62.82,0,62.82,10/8/2024,36,2.1,FALSE,,802,Germany,DE,8.105886,51.573276
FB001012,Tops,Zara,Summer,S,Pink,57.32,57.4,24.42,8/6/2025,46,3.1,FALSE,,759,Germany,DE,12.098523,49.010572
FB001013,Outerwear,H&M,Winter,XXL,Green,153.59,0,153.59,8/6/2025,31,2.9,TRUE,Damaged,349,Germany,DE,10.686722,53.868393
FB001014,Shoes,Mango,Winter,XL,Purple,101.14,0,101.14,8/6/2025,43,2.8,FALSE,,868,Germany,DE,7.474665644,51.3584459
FB001015,Bottoms,Ann Taylor,Spring,XXL,Brown,43.89,15.6,37.04,4/30/2025,31,1.7,TRUE,Wrong Item,483,Germany,DE,9.3816985,51.7751823
FB001016,Outerwear,Zara,Winter,S,Gray,130.16,47.5,68.33,8/6/2025,21,,FALSE,,522,Germany,DE,12.65856743,52.4211882
FB001017,Dresses,Gap,Winter,L,Black,153.12,0,153.12,8/6/2025,27,3.3,FALSE,,800,Germany,DE,9.7974574,48.8004715
FB001018,Tops,Forever21,Summer,XXL,Blue,37.12,12.1,32.63,8/6/2025,43,3.2,FALSE,,451,Germany,DE,11.692081,48.131926
FB001019,Tops,Mango,Summer,XXL,Purple,41.05,0,41.05,8/6/2025,24,,FALSE,,592,Germany,DE,7.6314376,51.2156873
FB001020,Shoes,Forever21,Fall,M,Navy,61.04,0,61.04,8/6/2025,43,1.9,FALSE,,923,Germany,DE,6.955000162,51.43787172
FB001021,Tops,Ann Taylor,Summer,S,Black,97.17,0,97.17,8/6/2025,35,3,FALSE,,483,Germany,DE,9.03027,48.704029
FB001022,Accessories,Uniqlo,Summer,,Red,63.45,0,63.45,8/6/2025,4,3.9,FALSE,,169,Germany,DE,7.872958,48.340827
FB001023,Tops,Mango,Fall,,Gray,117.39,0,117.39,8/6/2025,14,3.2,FALSE,,178,Germany,DE,9.355916,52.102621
FB001024,Tops,Banana Republic,Spring,S,Brown,32.89,0,32.89,7/8/2025,6,4.6,FALSE,,330,Germany,DE,13.378884,54.095955
FB001025,Bottoms,Ann Taylor,Spring,L,Blue,102.6,38.6,63,5/10/2025,14,4,FALSE,,428,Germany,DE,8.364612542,49.63200861
FB001026,Shoes,Gap,Spring,XXL,Navy,155.92,32.2,105.71,10/2/2024,5,2,FALSE,,634,Germany,DE,10.152173,48.679735
FB001027,Outerwear,Gap,Fall,L,Purple,178.39,0,178.39,8/6/2025,29,4.2,FALSE,,964,Germany,DE,6.137731,51.787069
FB001028,Outerwear,H&M,Spring,XL,Gray,151.1,0,151.1,3/22/2025,24,2.4,FALSE,,225,Germany,DE,6.925508,51.522228
FB001029,Tops,Forever21,Summer,XXL,Beige,91.03,55.4,40.6,8/6/2025,2,2.5,FALSE,,435,Germany,DE,9.736002,52.374882
FB001030,Tops,H&M,Fall,M,Gray,89.03,41.3,52.26,8/6/2025,50,,FALSE,,570,Germany,DE,11.05307764,51.89575593
FB001031,Dresses,Ann Taylor,Summer,S,Green,147.58,0,147.58,8/6/2025,10,4.3,FALSE,,222,Germany,DE,7.661037,47.613262
FB001032,Dresses,Banana Republic,Summer,XL,Blue,79.98,0,79.98,8/6/2025,25,1.5,FALSE,,484,Germany,DE,7.099756,51.507444
FB001033,Dresses,H&M,Fall,XS,Beige,86.38,0,86.38,8/6/2025,40,2.7,FALSE,,798,Germany,DE,10.23102,50.044285
FB001034,Tops,Banana Republic,Summer,XXL,Brown,47.29,40.4,28.18,8/6/2025,26,4.4,FALSE,,598,Germany,DE,7.593232,50.359184
FB001035,Outerwear,Forever21,Spring,L,Navy,196.54,22.6,152.12,5/12/2025,33,1.4,FALSE,,393,Germany,DE,11.102246,49.469598
FB001036,Tops,Zara,Spring,XXL,Gray,72.72,0,72.72,1/31/2025,23,1.6,FALSE,,818,Germany,DE,11.45136375,50.10838579
FB001037,Tops,Gap,Summer,XXL,Beige,115.5,0,115.5,8/6/2025,36,,TRUE,Quality Issue,418,Germany,DE,8.768377304,50.80712801
FB001038,Accessories,H&M,Summer,,Gray,68.22,8.1,62.69,8/6/2025,28,4,FALSE,,970,Germany,DE,11.02097154,49.32873009
FB001039,Tops,Mango,Fall,XXL,Black,91.03,0,91.03,8/6/2025,20,2.1,FALSE,,744,Germany,DE,7.961376,51.452235
FB001040,Outerwear,Forever21,Fall,XXL,Purple,100.39,16.5,83.83,8/6/2025,17,4.6,FALSE,,118,Germany,DE,10.546918,52.486592
FB001041,Tops,Gap,Fall,XS,Navy,100.03,0,100.03,8/6/2025,39,1.2,FALSE,,834,Germany,DE,8.696858,48.892464
FB001042,Accessories,Gap,Spring,,White,50.14,29.2,35.5,2/4/2025,33,4.4,FALSE,,669,Germany,DE,7.461358,53.23159
FB001043,Bottoms,Zara,Summer,XL,Black,33.13,0,33.13,8/6/2025,41,3.3,FALSE,,768,Germany,DE,7.316966,52.52079
FB001044,Accessories,H&M,Spring,,Navy,67.67,0,67.67,9/25/2024,7,3.3,FALSE,,424,Germany,DE,8.379954306,51.90750316
FB001045,Bottoms,Banana Republic,Summer,S,Black,93.94,56.3,41.05,8/6/2025,36,1.1,FALSE,,318,Germany,DE,8.629266,53.048608
FB001046,Tops,Banana Republic,Fall,XS,Black,34.56,11.2,30.69,8/6/2025,46,3.4,FALSE,,110,Germany,DE,9.480649,47.651291
FB001047,Outerwear,Ann Taylor,Summer,M,Black,235.33,0,235.33,8/6/2025,11,4.7,TRUE,Size Issue,980,Germany,DE,10.002144,53.551936
FB001048,Tops,Uniqlo,Spring,XS,Red,25.45,0,25.45,8/10/2024,29,3.7,FALSE,,823,Germany,DE,10.031104,53.572972
FB001049,Tops,Gap,Winter,XL,Gray,71.44,0,71.44,8/6/2025,18,4.3,FALSE,,419,Germany,DE,9.990393,53.553064
FB001050,Dresses,Banana Republic,Summer,XL,White,98.33,0,98.33,8/6/2025,46,3.7,FALSE,,1000,Germany,DE,7.151936,50.682598
FB001051,Dresses,Forever21,Spring,S,Blue,171.1,0,171.1,7/23/2025,34,,FALSE,,767,Germany,DE,9.221007,48.801671
FB001052,Dresses,Forever21,Winter,XS,White,155.57,0,155.57,8/6/2025,48,3.8,FALSE,,428,Germany,DE,11.856183,49.44499
FB001053,Outerwear,Mango,Fall,L,Green,198.44,0,198.44,8/6/2025,40,2.2,FALSE,,408,Germany,DE,6.626914,51.451408
FB001054,Shoes,Ann Taylor,Spring,M,Black,175.85,18.1,144.02,1/29/2025,4,4,FALSE,,358,Germany,DE,6.998486,50.938254
FB001055,Outerwear,Forever21,Summer,M,Pink,100.23,0,100.23,8/6/2025,12,3.5,FALSE,,277,Germany,DE,9.055622,48.520491
FB001056,Outerwear,Zara,Winter,XXL,Beige,88.94,0,88.94,8/6/2025,36,,FALSE,,303,Germany,DE,6.937138,51.168911
FB001057,Outerwear,H&M,Fall,XXL,Navy,205.91,0,205.91,8/6/2025,3,4.8,FALSE,,304,Germany,DE,6.963589,51.660634
FB001058,Accessories,Uniqlo,Fall,,Pink,29.06,1.1,28.74,8/6/2025,12,1.1,TRUE,Color Mismatch,763,Germany,DE,12.374705,51.339332
FB001059,Accessories,Gap,Summer,,Brown,68.56,0,68.56,8/6/2025,2,2.4,FALSE,,970,Germany,DE,12.151088,48.534905
FB001060,Tops,Forever21,Summer,L,Purple,91.6,59.5,37.1,8/6/2025,2,4.3,FALSE,,899,Germany,DE,9.709392,50.868993
FB001061,Dresses,H&M,Summer,XS,Black,96.57,0,96.57,8/6/2025,6,1.9,FALSE,,385,Germany,DE,6.955288,50.936638
FB001062,Bottoms,H&M,Winter,S,Pink,35.63,57.9,15,8/6/2025,11,1.8,FALSE,,245,Germany,DE,11.53543645,48.18320401
FB001063,Shoes,Uniqlo,Winter,XS,Green,118.98,38.1,73.65,8/6/2025,36,1.1,TRUE,Color Mismatch,345,Germany,DE,6.481145822,50.80509248
FB001064,Shoes,H&M,Spring,XL,Red,62.62,10.1,56.3,4/15/2025,32,2.9,FALSE,,187,Germany,DE,9.986842475,53.45623393
FB001065,Shoes,Forever21,Summer,M,Brown,153.34,55.5,68.24,8/6/2025,46,4.2,TRUE,Wrong Item,424,Germany,DE,7.697556789,51.37457071
FB001066,Tops,Ann Taylor,Summer,L,Green,71.66,49.7,36.04,8/6/2025,33,,TRUE,Color Mismatch,496,Germany,DE,9.997616729,51.7066828
FB001067,Dresses,Ann Taylor,Spring,S,Black,107.58,55.9,47.44,2/15/2025,19,4.4,FALSE,,253,Germany,DE,10.524255,52.262461
FB001068,Shoes,Zara,Spring,XL,Blue,137.16,0,137.16,4/2/2025,34,4,FALSE,,383,Germany,DE,7.48059,53.46922
FB001069,Tops,Banana Republic,Winter,M,White,119.29,0,119.29,8/6/2025,3,,FALSE,,779,Germany,DE,13.454393,48.574463
FB001070,Tops,Mango,Spring,M,Navy,104.09,0,104.09,12/21/2024,29,,FALSE,,135,Germany,DE,12.492655,50.71894
FB001071,Dresses,Banana Republic,Fall,,Pink,73.07,0,73.07,8/6/2025,5,4.2,FALSE,,715,Germany,DE,14.27273707,53.06512962
FB001072,Bottoms,Zara,Fall,XXL,Green,76.94,7.6,71.09,8/6/2025,20,3.7,FALSE,,672,Germany,DE,12.177913,51.343729
FB001073,Bottoms,Forever21,Winter,XL,Beige,119.92,0,119.92,8/6/2025,37,5,FALSE,,628,Germany,DE,8.241902119,50.07085895
FB001074,Outerwear,Ann Taylor,Winter,XS,White,116.49,0,116.49,8/6/2025,17,3.3,TRUE,Damaged,375,Germany,DE,13.473778,52.514361
FB001075,Shoes,Gap,Fall,XL,Pink,179.59,14.7,153.19,8/6/2025,47,2.9,FALSE,,833,Germany,DE,13.543824,52.543999
FB001076,Accessories,Uniqlo,Winter,,Black,33.8,0,33.8,8/6/2025,34,4.8,FALSE,,740,Germany,DE,7.172898,49.348427
FB001077,Tops,Uniqlo,Fall,L,Beige,41.57,3.3,40.2,8/6/2025,5,2.9,FALSE,,737,Germany,DE,13.799412,50.997449
FB001078,Shoes,Forever21,Spring,XL,Purple,139.1,47,73.72,1/4/2025,6,3.4,FALSE,,184,Germany,DE,7.03506,49.228548
FB001079,Dresses,Mango,Fall,L,Pink,102.04,0,102.04,8/6/2025,34,3.4,FALSE,,928,Germany,DE,7.591968,47.590766
FB001080,Bottoms,Gap,Fall,XXL,Navy,47.25,54.2,21.64,8/6/2025,4,4.9,FALSE,,927,Germany,DE,7.942481,48.469908
FB001081,Dresses,Uniqlo,Summer,XS,White,55.08,0,55.08,8/6/2025,48,4.1,FALSE,,566,Germany,DE,8.57878,53.543625
FB001082,Outerwear,Forever21,Winter,L,Green,88.32,54.8,39.92,8/6/2025,36,3.1,FALSE,,628,Germany,DE,9.653744,48.702776
FB001083,Bottoms,Mango,Fall,M,Red,74.9,16.8,62.32,8/6/2025,13,,TRUE,Color Mismatch,870,Germany,DE,12.962438,48.83267
FB001084,Bottoms,Mango,Winter,M,White,69.88,57.4,29.77,8/6/2025,30,4.2,FALSE,,410,Germany,DE,9.661147,54.305154
FB001085,Shoes,Uniqlo,Fall,S,Gray,142.83,0,142.83,8/6/2025,25,3.5,FALSE,,528,Germany,DE,10.090837,53.655121
FB001086,Shoes,Zara,Fall,,Purple,140.17,0,140.17,8/6/2025,43,3.1,FALSE,,419,Germany,DE,10.876373,48.050096
FB001087,Tops,Gap,Winter,M,Brown,106.11,33.8,70.24,8/6/2025,15,4.5,FALSE,,686,Germany,DE,12.939124,50.84671
FB001088,Dresses,H&M,Summer,XS,Pink,53.23,0,53.23,8/6/2025,41,2.8,TRUE,Color Mismatch,840,Germany,DE,8.876550794,49.25249137
FB001089,Outerwear,Banana Republic,Spring,XXL,Black,92.25,0,92.25,5/28/2025,22,3.3,TRUE,Wrong Item,808,Germany,DE,11.465628,53.892337
FB001090,Accessories,Ann Taylor,Summer,,Brown,39.17,0,39.17,8/6/2025,4,3.5,TRUE,Color Mismatch,547,Germany,DE,10.097775,54.312961
FB001091,Accessories,Gap,Spring,,White,72.83,0,72.83,11/26/2024,6,2,FALSE,,468,Germany,DE,9.188758,48.896941
FB001092,Bottoms,Forever21,Winter,S,Brown,29.73,28.7,21.2,8/6/2025,37,2.5,FALSE,,999,Germany,DE,8.191518,48.782677
FB001093,Dresses,Mango,Winter,XL,Black,144.1,0,144.1,8/6/2025,36,2.5,FALSE,,771,Germany,DE,7.291157,52.691644
FB001094,Dresses,H&M,Summer,XL,Brown,109.23,10.8,97.43,8/6/2025,38,3.3,FALSE,,707,Germany,DE,8.880975,51.936378
FB001095,Outerwear,Mango,Winter,XL,Pink,180.65,17.5,149.04,8/6/2025,41,1.4,FALSE,,503,Germany,DE,9.739403,52.377233
FB001096,Outerwear,Banana Republic,Spring,M,Green,129.24,46.2,69.53,3/27/2025,28,3.2,FALSE,,445,Germany,DE,6.690097,51.199515
FB001097,Shoes,Gap,Summer,XS,Blue,195.67,47.1,103.51,8/6/2025,36,4,FALSE,,534,Germany,DE,12.13150641,54.08855941
FB001098,Accessories,Banana Republic,Winter,,Navy,65.64,20.7,52.05,8/6/2025,20,2.6,FALSE,,338,Germany,DE,9.879625907,53.32783534
FB001099,Bottoms,H&M,Spring,XS,Purple,113.18,0,113.18,4/2/2025,3,4.9,FALSE,,157,Germany,DE,13.414792,52.519901
FB001100,Shoes,Ann Taylor,Fall,XL,Beige,173.69,0,173.69,8/6/2025,25,3.6,FALSE,,968,Germany,DE,7.716179,52.277587
FB001101,Outerwear,Zara,Fall,S,Gray,156.54,0,156.54,8/6/2025,23,1.8,FALSE,,982,Germany,DE,9.475745559,53.60002454
FB001102,Dresses,H&M,Spring,XL,Brown,103.78,39,63.31,10/12/2024,5,,FALSE,,404,Germany,DE,7.181464,51.39786
FB001103,Accessories,Gap,Fall,,Black,79.6,0,79.6,8/6/2025,22,,FALSE,,253,Germany,DE,9.205952,52.640148
FB001104,Accessories,Ann Taylor,Fall,,Beige,34.18,18.9,27.72,8/6/2025,50,3.6,FALSE,,459,Germany,DE,9.216904,49.14049
FB001105,Bottoms,Gap,Winter,XXL,Blue,58.44,0,58.44,8/6/2025,3,2.6,TRUE,Wrong Item,568,Germany,DE,9.026312,48.212689
FB001106,Accessories,Zara,Summer,,Navy,30.62,0,30.62,8/6/2025,31,3,TRUE,Damaged,832,Germany,DE,6.834696,50.937565
FB001107,Outerwear,Uniqlo,Fall,XXL,Purple,213.94,0,213.94,8/6/2025,16,4.7,FALSE,,414,Germany,DE,7.165976,51.94419
FB001108,Bottoms,Forever21,Fall,XL,Pink,29.31,0,29.31,8/6/2025,25,4.6,TRUE,Changed Mind,250,Germany,DE,13.35471,52.549197
FB001109,Tops,Forever21,Spring,M,Red,49.12,0,49.12,6/28/2025,47,,FALSE,,875,Germany,DE,8.176087,53.157654
FB001110,Bottoms,Banana Republic,Fall,,Purple,113.23,0,113.23,8/6/2025,13,3.7,FALSE,,914,Germany,DE,13.385363,52.455733
FB001111,Outerwear,Banana Republic,Spring,XXL,Brown,103.65,0,103.65,11/16/2024,4,1,FALSE,,974,Germany,DE,6.769039,51.431645
FB001112,Dresses,Ann Taylor,Fall,,Gray,71.84,49.4,36.35,8/6/2025,25,,FALSE,,493,Germany,DE,13.305607,52.508437
FB001113,Shoes,Zara,Winter,L,Gray,128.31,0,128.31,8/6/2025,36,4,TRUE,Changed Mind,283,Germany,DE,7.186461351,51.1829842
FB001114,Shoes,Forever21,Winter,L,Blue,118.97,0,118.97,8/6/2025,45,3.8,FALSE,,901,Germany,DE,9.93504,51.535794
FB001115,Bottoms,Zara,Winter,S,Red,31.98,16.5,26.7,8/6/2025,48,1.8,FALSE,,171,Germany,DE,10.428589,51.907099
FB001116,Tops,Banana Republic,Winter,XXL,Purple,115.89,26.8,84.83,8/6/2025,26,4.6,FALSE,,333,Germany,DE,7.332158,51.436964
FB001117,Dresses,Ann Taylor,Fall,XL,Pink,140.06,0,140.06,8/6/2025,37,2.3,FALSE,,737,Germany,DE,11.564014,48.212844
FB001118,Shoes,Mango,Fall,XS,Pink,154.82,0,154.82,8/6/2025,10,4.1,FALSE,,109,Germany,DE,6.764401,51.277872
FB001119,Dresses,Uniqlo,Winter,XL,Blue,114.21,20.2,91.14,8/6/2025,5,2,TRUE,Wrong Item,672,Germany,DE,11.09318974,47.4948516
FB001120,Shoes,Zara,Winter,XL,Blue,114.84,0,114.84,8/6/2025,38,2.6,TRUE,Color Mismatch,484,Germany,DE,11.645392,48.101761
FB001121,Dresses,Mango,Winter,XL,Navy,131.32,6.8,122.39,8/6/2025,18,2,FALSE,,855,Germany,DE,9.151166,49.977682
FB001122,Tops,Mango,Fall,S,Pink,91.41,32.1,62.07,8/6/2025,49,2.3,FALSE,,305,Germany,DE,6.852768,51.298223
FB001123,Outerwear,Gap,Fall,XS,Black,202.28,0,202.28,8/6/2025,4,,FALSE,,555,Germany,DE,7.523815,51.612145
FB001124,Bottoms,Forever21,Fall,M,Red,119.63,0,119.63,8/6/2025,14,2.1,FALSE,,351,Germany,DE,8.748789,53.111541
FB001125,Shoes,Banana Republic,Summer,L,Blue,167.89,0,167.89,8/6/2025,12,1,FALSE,,245,Germany,DE,13.435784,52.479901
FB001126,Shoes,Uniqlo,Spring,XL,Blue,100.39,0,100.39,3/7/2025,24,3.2,TRUE,Quality Issue,304,Germany,DE,7.564731,51.027602
FB001127,Dresses,Gap,Summer,L,Gray,162.42,40.9,95.99,8/6/2025,32,1,FALSE,,209,Germany,DE,6.774564,51.208597
FB001128,Shoes,Gap,Spring,XS,Gray,65.07,5.1,61.75,1/17/2025,16,4.3,FALSE,,751,Germany,DE,8.672104257,49.54994057
FB001129,Bottoms,Forever21,Spring,XXL,Red,78.1,48.7,40.07,5/6/2025,0,,FALSE,,999,Germany,DE,8.597878,49.124079
FB001130,Outerwear,Zara,Spring,M,Blue,115.73,59.8,46.52,9/28/2024,10,4.2,FALSE,,918,Germany,DE,6.987805,51.033051
FB001131,Accessories,Ann Taylor,Fall,,Navy,21.57,11.9,19,8/6/2025,37,3,TRUE,Changed Mind,387,Germany,DE,9.862071,53.571148
FB001132,Dresses,Banana Republic,Fall,S,Brown,75.85,50.3,37.7,8/6/2025,50,4.7,TRUE,Quality Issue,178,Germany,DE,8.75302,50.140965
FB001133,Outerwear,Uniqlo,Summer,L,Green,170.91,0,170.91,8/6/2025,36,1.6,TRUE,Quality Issue,722,Germany,DE,8.76181,50.103709
FB001134,Shoes,H&M,Fall,XL,White,94.06,22.4,72.99,8/6/2025,0,,FALSE,,698,Germany,DE,6.638868,49.755829
FB001135,Bottoms,H&M,Summer,S,Blue,84.44,0,84.44,8/6/2025,2,1.1,FALSE,,817,Germany,DE,13.607873,52.313757
FB001136,Outerwear,Zara,Summer,XS,Pink,93.11,0,93.11,8/6/2025,43,2.8,FALSE,,856,Germany,DE,13.695434,51.084765
FB001137,Tops,Zara,Winter,S,Blue,84.85,8.8,77.38,8/6/2025,19,4.1,TRUE,Changed Mind,731,Germany,DE,7.006232,51.458733
FB001138,Shoes,Uniqlo,Spring,M,Green,138.41,0,138.41,11/17/2024,40,3.1,FALSE,,903,Germany,DE,12.86577036,50.8643176
FB001139,Accessories,Zara,Fall,,Pink,20.19,21.6,15.83,8/6/2025,45,4.4,TRUE,Changed Mind,301,Germany,DE,11.427075,48.76448
FB001140,Dresses,Banana Republic,Fall,M,Gray,124.17,37.6,77.48,8/6/2025,24,2.3,FALSE,,605,Germany,DE,12.099747,49.016704
FB001141,Outerwear,Banana Republic,Spring,L,Red,133.92,0,133.92,4/13/2025,41,2.8,FALSE,,789,Germany,DE,8.606901648,49.89238242
FB001142,Accessories,Banana Republic,Spring,,Gray,77.78,0,77.78,7/7/2025,23,2.5,TRUE,Size Issue,262,Germany,DE,9.498252,51.316862
FB001143,Dresses,Mango,Winter,XXL,Brown,157.69,35.9,101.08,8/6/2025,6,1,FALSE,,584,Germany,DE,10.21512029,53.48646701
FB001144,Tops,Zara,Winter,L,Black,99.57,0,99.57,8/6/2025,17,1,FALSE,,392,Germany,DE,10.067709,53.572863
FB001145,Accessories,Zara,Summer,,Brown,43.61,33.3,29.09,8/6/2025,47,2.5,FALSE,,280,Germany,DE,11.033648,50.976776
FB001146,Outerwear,Gap,Winter,M,Brown,88.87,0,88.87,8/6/2025,27,2.4,FALSE,,110,Germany,DE,12.078435,50.876404
FB001147,Bottoms,Forever21,Fall,M,White,112.6,19.8,90.31,8/6/2025,2,1,FALSE,,329,Germany,DE,10.158283,53.60468
FB001148,Tops,Uniqlo,Fall,XL,Green,33.35,0,33.35,8/6/2025,29,1.2,FALSE,,849,Germany,DE,10.075705,53.612475
FB001149,Bottoms,Forever21,Fall,L,Navy,115.82,2.9,112.46,8/6/2025,46,,FALSE,,658,Germany,DE,9.315392,48.830574
FB001150,Tops,Banana Republic,Fall,XL,White,107.79,3.1,104.45,8/6/2025,6,2.8,FALSE,,857,Germany,DE,8.347215,51.673978
FB001151,Tops,H&M,Summer,S,White,53.87,0,53.87,8/6/2025,50,4.2,TRUE,Damaged,959,Germany,DE,6.839859,51.093756
FB001152,Tops,Gap,Spring,XS,Green,72.5,40.8,42.92,12/30/2024,23,4.4,FALSE,,525,Germany,DE,6.80713,50.90971
FB001153,Shoes,Gap,Spring,S,Gray,152.32,0,152.32,6/9/2025,15,,FALSE,,551,Germany,DE,9.005826,48.687395
FB001154,Dresses,H&M,Winter,M,Red,67.63,0,67.63,8/6/2025,9,4.7,FALSE,,954,Germany,DE,6.876373333,51.48930719
FB001155,Outerwear,Uniqlo,Summer,XS,Purple,221.94,0,221.94,8/6/2025,35,1.5,FALSE,,291,Germany,DE,6.437736,51.194849
FB001156,Bottoms,Zara,Fall,XS,Pink,118.77,8.4,108.79,8/6/2025,30,4.6,TRUE,Wrong Item,332,Germany,DE,7.208349,50.797314
FB001157,Tops,Forever21,Fall,XS,Green,100.17,0,100.17,8/6/2025,18,1.2,FALSE,,526,Germany,DE,8.069613,48.629154
FB001158,Accessories,Banana Republic,Summer,,White,18.45,0,18.45,8/6/2025,39,2.2,FALSE,,881,Germany,DE,9.982865,54.073558
FB001159,Accessories,Gap,Summer,,Purple,45.56,13.5,39.41,8/6/2025,40,3.2,FALSE,,707,Germany,DE,8.789849,51.055856
FB001160,Tops,Uniqlo,Spring,S,Purple,62.21,0,62.21,7/23/2025,38,2.6,FALSE,,570,Germany,DE,12.231823,48.058145
FB001161,Accessories,Forever21,Winter,,Blue,37.02,0,37.02,8/6/2025,12,4.3,FALSE,,149,Germany,DE,8.111793,49.197532
FB001162,Dresses,Zara,Summer,XL,Beige,51.86,39,31.63,8/6/2025,40,2.4,FALSE,,408,Germany,DE,6.753222,49.314145
FB001163,Dresses,Zara,Spring,XS,Purple,76.24,0,76.24,1/7/2025,14,2.8,FALSE,,199,Germany,DE,6.895935,51.02102
FB001164,Accessories,Zara,Fall,,Gray,74.17,0,74.17,8/6/2025,24,1.7,FALSE,,598,Germany,DE,9.190628,48.899938
FB001165,Bottoms,Forever21,Spring,L,Beige,75.99,0,75.99,2/18/2025,19,1.7,TRUE,Size Issue,779,Germany,DE,9.616881,47.780441
FB001166,Bottoms,H&M,Winter,XS,Navy,62.33,49.4,31.54,8/6/2025,46,3.5,FALSE,,837,Germany,DE,11.744959,48.400893
FB001167,Bottoms,Mango,Winter,XXL,Red,93.59,0,93.59,8/6/2025,38,1.9,FALSE,,206,Germany,DE,8.402219,49.006276
FB001168,Tops,Forever21,Fall,,Blue,72.83,35.7,46.83,8/6/2025,11,3.1,FALSE,,838,Germany,DE,8.055457,49.97553
FB001169,Outerwear,Uniqlo,Winter,XXL,Gray,134.59,33.6,89.37,8/6/2025,42,2.9,FALSE,,348,Germany,DE,7.94768978,47.55498323
FB001170,Bottoms,Zara,Spring,,Beige,71.6,41.9,41.6,4/12/2025,16,2.8,FALSE,,804,Germany,DE,14.25901906,51.43745968
FB001171,Shoes,Ann Taylor,Summer,XL,Red,62.35,53.5,28.99,8/6/2025,1,4.1,FALSE,,728,Germany,DE,10.627964,53.858354
FB001172,Outerwear,Ann Taylor,Spring,XS,Navy,80.55,43.7,45.35,10/21/2024,41,4.8,TRUE,Changed Mind,835,Germany,DE,8.920967,52.290161
FB001173,Shoes,Banana Republic,Winter,M,Beige,171.48,0,171.48,8/6/2025,15,2.4,FALSE,,585,Germany,DE,9.528785,48.806163
FB001174,Tops,Ann Taylor,Spring,XL,Navy,30.81,15.7,25.97,9/19/2024,4,,FALSE,,200,Germany,DE,13.454538,52.429647
FB001175,Dresses,H&M,Summer,L,Blue,97.14,0,97.14,8/6/2025,20,4.1,FALSE,,393,Germany,DE,7.186713,50.778132
FB001176,Shoes,Forever21,Fall,S,White,128.27,0,128.27,8/6/2025,28,,FALSE,,659,Germany,DE,6.7734556,51.2277411
FB001177,Dresses,Zara,Winter,XL,Green,174.86,0,174.86,8/6/2025,43,4.6,FALSE,,902,Germany,DE,7.170379,53.361856
FB001178,Dresses,Banana Republic,Winter,XL,White,100.03,0,100.03,8/6/2025,36,1.9,TRUE,Quality Issue,692,Germany,DE,6.323613,51.516517
FB001179,Dresses,Zara,Winter,S,Purple,49.89,0,49.89,8/6/2025,0,3.5,TRUE,Wrong Item,165,Germany,DE,7.275421,51.83101
FB001180,Shoes,H&M,Fall,XL,Brown,170.43,0,170.43,8/6/2025,22,,FALSE,,987,Germany,DE,7.532941,50.394923
FB001181,Outerwear,Gap,Summer,XS,Navy,186.78,0,186.78,8/6/2025,22,2.9,FALSE,,518,Germany,DE,9.049129817,54.47687837
FB001182,Accessories,Forever21,Fall,,Navy,63.98,0,63.98,8/6/2025,36,1.7,FALSE,,839,Germany,DE,13.0590617,52.5420864
FB001183,Outerwear,Forever21,Fall,XS,Navy,225.64,0,225.64,8/6/2025,31,1.3,FALSE,,651,Germany,DE,10.80572,49.70285
FB001184,Tops,Mango,Fall,XS,White,115.29,13.9,99.26,8/6/2025,37,,FALSE,,110,Germany,DE,11.546972,48.136484
FB001185,Bottoms,Mango,Fall,XS,White,92.59,0,92.59,8/6/2025,39,2.3,FALSE,,180,Germany,DE,8.722509,48.550515
FB001186,Accessories,Uniqlo,Spring,,Beige,67.65,26.2,49.93,5/28/2025,23,1.7,FALSE,,777,Germany,DE,13.596466,52.549754
FB001187,Outerwear,Ann Taylor,Spring,L,White,128.92,0,128.92,7/10/2025,40,1.5,FALSE,,350,Germany,DE,9.494974356,51.31410664
FB001188,Accessories,Banana Republic,Fall,,Red,16.51,16.8,13.74,8/6/2025,47,1.2,FALSE,,351,Germany,DE,9.835549,48.623811
FB001189,Shoes,Banana Republic,Winter,,Gray,173.66,42.7,99.51,8/6/2025,1,3.1,FALSE,,352,Germany,DE,6.901484,50.825236
FB001190,Tops,H&M,Spring,S,Black,71.49,20.9,56.55,1/12/2025,33,1.3,FALSE,,121,Germany,DE,10.10425,53.539932
FB001191,Outerwear,Uniqlo,Fall,XXL,Gray,230.81,24.3,174.72,8/6/2025,26,,TRUE,Size Issue,700,Germany,DE,8.21488,53.140284
FB001192,Shoes,H&M,Spring,XS,Green,101,58.6,41.81,7/4/2025,44,1.2,FALSE,,942,Germany,DE,13.33045006,52.50381422
FB001193,Outerwear,Mango,Winter,XXL,Brown,116.37,52.6,55.16,8/6/2025,43,2.4,FALSE,,342,Germany,DE,8.471204638,49.48565293
FB001194,Shoes,H&M,Spring,L,Beige,150.28,8.3,137.81,1/22/2025,48,2.9,FALSE,,449,Germany,DE,8.531131,52.025669
FB001195,Outerwear,Zara,Winter,XL,Gray,107.81,0,107.81,8/6/2025,15,2.7,FALSE,,829,Germany,DE,10.130665,54.316601
FB001196,Dresses,Zara,Spring,L,Navy,61.24,0,61.24,4/5/2025,3,,FALSE,,896,Germany,DE,8.803932,53.0781
FB001197,Accessories,Zara,Winter,,Green,34.04,0,34.04,8/6/2025,3,1.9,FALSE,,671,Germany,DE,11.074664,49.449958
FB001198,Dresses,Gap,Summer,S,Brown,168.16,45.9,90.97,8/6/2025,44,1.5,FALSE,,525,Germany,DE,9.738443,52.374773
FB001199,Tops,Ann Taylor,Fall,M,Red,74.07,0,74.07,8/6/2025,47,1.4,FALSE,,437,Germany,DE,7.21665,51.48228
FB001200,Tops,Forever21,Winter,XXL,Brown,84.75,0,84.75,8/6/2025,7,2.5,FALSE,,290,Germany,DE,8.048214912,52.27275968
FB001201,Shoes,Mango,Summer,M,Red,187.47,9.6,169.47,8/6/2025,28,4,FALSE,,611,Germany,DE,11.390501,48.773858
FB001202,Accessories,Uniqlo,Spring,,Green,45.81,14.1,39.35,4/14/2025,29,,FALSE,,373,Germany,DE,10.529223,52.26357
FB001203,Outerwear,Banana Republic,Fall,XL,Brown,87.09,0,87.09,8/6/2025,8,2.8,FALSE,,684,Germany,DE,9.986760216,53.6843059
FB001204,Outerwear,H&M,Summer,XS,Brown,232.5,56.8,100.44,8/6/2025,23,2.9,TRUE,Size Issue,167,Germany,DE,11.5724,48.138049
FB001205,Shoes,Ann Taylor,Spring,XS,Purple,184.87,0,184.87,9/28/2024,32,1.8,FALSE,,473,Germany,DE,6.950701,50.936593
FB001206,Tops,Gap,Fall,XS,Gray,31.36,0,31.36,8/6/2025,50,3.4,FALSE,,333,Germany,DE,7.813346,51.682228
FB001207,Accessories,H&M,Winter,,Navy,62.26,24.6,46.94,8/6/2025,33,3.5,FALSE,,743,Germany,DE,13.320844,52.457674
FB001208,Accessories,Mango,Summer,,Navy,64.82,42.2,37.47,8/6/2025,26,1.3,FALSE,,579,Germany,DE,11.532474,48.183716
FB001209,Accessories,Zara,Spring,,Blue,15.92,0,15.92,9/6/2024,7,4.1,FALSE,,827,Germany,DE,8.038143,52.844478
FB001210,Outerwear,H&M,Spring,M,Purple,180.83,0,180.83,9/2/2024,20,2,FALSE,,308,Germany,DE,8.238224641,50.07961743
FB001211,Shoes,Forever21,Summer,L,Brown,73.81,0,73.81,8/6/2025,44,1.3,FALSE,,978,Germany,DE,6.562107,51.332326
FB001212,Shoes,Ann Taylor,Summer,XXL,Beige,127.52,0,127.52,8/6/2025,0,3.4,FALSE,,627,Germany,DE,6.886137,51.429325
FB001213,Bottoms,H&M,Fall,,Brown,52.08,0,52.08,8/6/2025,12,,FALSE,,488,Germany,DE,6.99321,49.235741
FB001214,Bottoms,Forever21,Winter,XS,Red,32.83,23,25.28,8/6/2025,24,1.1,FALSE,,615,Germany,DE,8.682358,50.1141
FB001215,Tops,Banana Republic,Winter,S,Purple,108.92,0,108.92,8/6/2025,6,1.8,FALSE,,883,Germany,DE,9.837007,53.602791
FB001216,Shoes,Forever21,Winter,,Navy,85.83,47.5,45.06,8/6/2025,8,1.1,FALSE,,301,Germany,DE,8.633573,50.157937
FB001217,Accessories,Zara,Spring,,Blue,62.02,0,62.02,4/25/2025,3,3.7,FALSE,,361,Germany,DE,10.31544328,47.72551887
FB001218,Shoes,H&M,Summer,XL,Black,127.31,5.4,120.44,8/6/2025,34,2.5,FALSE,,751,Germany,DE,13.054676,52.400194
FB001219,Tops,Ann Taylor,Fall,,Red,35.74,0,35.74,8/6/2025,33,,TRUE,Color Mismatch,439,Germany,DE,9.932262897,53.55244496
FB001220,Accessories,H&M,Summer,,Gray,69.62,27.9,50.2,8/6/2025,5,1.1,FALSE,,532,Germany,DE,7.097779,50.733472
FB001221,Tops,Zara,Winter,XXL,Black,92.01,28.8,65.51,8/6/2025,37,1.9,FALSE,,883,Germany,DE,7.047284,51.339392
FB001222,Shoes,Mango,Fall,M,Black,110.1,0,110.1,8/6/2025,13,3.6,TRUE,Changed Mind,793,Germany,DE,8.748758,51.716076
FB001223,Bottoms,Zara,Fall,XXL,Red,109.05,0,109.05,8/6/2025,13,3.7,FALSE,,408,Germany,DE,12.2451,51.834031
FB001224,Accessories,Forever21,Winter,,Beige,67.46,0,67.46,8/6/2025,28,1.4,FALSE,,624,Germany,DE,13.736708,51.046006
FB001225,Shoes,Ann Taylor,Winter,M,White,110.11,10.2,98.88,8/6/2025,47,,FALSE,,538,Germany,DE,11.974508,51.48089
FB001226,Shoes,Banana Republic,Summer,XL,White,162.5,0,162.5,8/6/2025,45,,FALSE,,769,Germany,DE,8.274492,50.000536
FB001227,Accessories,Uniqlo,Summer,,Black,23.8,8.3,21.82,8/6/2025,0,3.5,FALSE,,783,Germany,DE,9.210394621,48.49352327
FB001228,Bottoms,Banana Republic,Fall,XS,Brown,115.89,0,115.89,8/6/2025,34,2.9,FALSE,,593,Germany,DE,8.95716,53.05018
FB001229,Outerwear,H&M,Spring,M,Red,139.2,42.5,80.04,10/2/2024,27,2.9,FALSE,,392,Germany,DE,9.179778,48.780501
FB001230,Dresses,Forever21,Fall,S,Navy,120.42,36.7,76.23,8/6/2025,46,2.4,FALSE,,324,Germany,DE,8.020645,50.87446
FB001231,Accessories,Banana Republic,Fall,,Beige,72.81,0,72.81,8/6/2025,4,4.3,FALSE,,306,Germany,DE,9.434884787,54.78478179
FB001232,Accessories,Zara,Spring,,Brown,29.75,0,29.75,2/7/2025,37,3.9,FALSE,,421,Germany,DE,7.850493193,47.99562259
FB001233,Tops,Gap,Summer,XL,Black,33.63,0,33.63,8/6/2025,13,4.7,FALSE,,400,Germany,DE,6.874568,50.879802
FB001234,Outerwear,Banana Republic,Fall,S,Brown,101.93,0,101.93,8/6/2025,31,,FALSE,,287,Germany,DE,13.134775,52.3708
FB001235,Accessories,Mango,Winter,,White,41.43,0,41.43,8/6/2025,10,,FALSE,,520,Germany,DE,7.439324,52.278144
FB001236,Outerwear,Ann Taylor,Spring,L,Green,126.14,0,126.14,5/18/2025,24,3.6,FALSE,,920,Germany,DE,8.694149317,49.40993097
FB001237,Bottoms,Zara,Spring,M,Purple,96.76,0,96.76,2/26/2025,6,,FALSE,,895,Germany,DE,7.465071,51.514394
FB001238,Tops,Mango,Winter,XS,Navy,114.32,0,114.32,8/6/2025,27,5,FALSE,,426,Germany,DE,14.984418,51.150589
FB001239,Shoes,H&M,Spring,S,Purple,102.46,0,102.46,12/17/2024,20,3.7,TRUE,Quality Issue,282,Germany,DE,13.334669,52.504249
FB001240,Bottoms,Uniqlo,Summer,L,Pink,95.7,15,81.34,8/6/2025,9,4.9,FALSE,,408,Germany,DE,8.401769,49.010227
FB001241,Bottoms,H&M,Winter,M,Blue,55.49,0,55.49,8/6/2025,25,4.6,FALSE,,619,Germany,DE,11.004813,49.592588
FB001242,Accessories,Ann Taylor,Winter,,White,30.58,9.8,27.58,8/6/2025,34,3.4,FALSE,,489,Germany,DE,8.116631,53.518486
FB001243,Bottoms,Mango,Fall,S,Red,116.58,0,116.58,8/6/2025,47,1.2,FALSE,,566,Germany,DE,13.389375,52.549531
FB001244,Dresses,Zara,Winter,XL,Navy,79.18,21.1,62.47,8/6/2025,36,1.5,TRUE,Changed Mind,493,Germany,DE,13.578104,52.457609
FB001245,Dresses,Forever21,Summer,,Navy,88.71,0,88.71,8/6/2025,3,3.5,FALSE,,636,Germany,DE,11.410495,53.628252
FB001246,Dresses,Banana Republic,Spring,XXL,Purple,150.58,0,150.58,12/19/2024,38,2.1,FALSE,,482,Germany,DE,12.123624,47.853879
FB001247,Dresses,Uniqlo,Summer,XXL,White,179.9,9.3,163.17,8/6/2025,34,2.1,FALSE,,169,Germany,DE,8.466127,49.488348
FB001248,Outerwear,Forever21,Spring,XL,Red,135.3,0,135.3,2/16/2025,19,4.6,FALSE,,518,Germany,DE,10.993085,51.008536
FB001249,Shoes,Uniqlo,Fall,XXL,Black,146.43,0,146.43,8/6/2025,7,2.5,FALSE,,715,Germany,DE,11.570642,49.945528
FB001250,Outerwear,Forever21,Winter,M,Green,160.27,0,160.27,8/6/2025,11,2,FALSE,,998,Germany,DE,12.494608,50.71886
FB001251,Shoes,Mango,Winter,M,Gray,169.87,8.8,154.92,8/6/2025,36,2.1,FALSE,,961,Germany,DE,6.956218,50.938708
FB001252,Shoes,Ann Taylor,Summer,,Gray,137.33,0,137.33,8/6/2025,35,4.6,FALSE,,445,Germany,DE,9.931432,49.795802
FB001253,Bottoms,Forever21,Summer,XXL,Red,38.18,0,38.18,8/6/2025,38,,FALSE,,729,Germany,DE,8.651368,49.871826
FB001254,Tops,Zara,Summer,XXL,Blue,40.62,20.1,32.46,8/6/2025,7,,FALSE,,782,Germany,DE,11.636296,52.130068
FB001255,Bottoms,H&M,Winter,XS,Black,56.4,23.3,43.26,8/6/2025,35,,FALSE,,614,Germany,DE,11.573588,48.137722
FB001256,Accessories,Forever21,Summer,,Green,19.56,0,19.56,8/6/2025,13,3.1,FALSE,,593,Germany,DE,8.813328,52.214536
FB001257,Shoes,H&M,Winter,L,White,155.66,0,155.66,8/6/2025,3,4,FALSE,,187,Germany,DE,9.961845,48.399942
FB001258,Tops,Zara,Summer,S,Purple,106.2,0,106.2,8/6/2025,10,1.1,FALSE,,261,Germany,DE,11.033804,50.976034
FB001259,Outerwear,Ann Taylor,Fall,XXL,Navy,158.31,0,158.31,8/6/2025,7,5,FALSE,,592,Germany,DE,7.768588,49.44321
FB001260,Dresses,Mango,Spring,XL,Pink,102.3,42.2,59.13,5/30/2025,43,1.3,FALSE,,394,Germany,DE,9.985881,48.398921
FB001261,Accessories,Gap,Fall,,Navy,53.46,58,22.45,8/6/2025,6,4.2,FALSE,,385,Germany,DE,13.286857,52.58504
FB001262,Dresses,Uniqlo,Summer,XS,Blue,101.78,22.9,78.47,8/6/2025,5,1.2,TRUE,Damaged,713,Germany,DE,11.586729,50.927784
FB001263,Outerwear,Banana Republic,Summer,M,Gray,112.28,0,112.28,8/6/2025,41,4.1,FALSE,,549,Germany,DE,13.414432,52.549886
FB001264,Accessories,Banana Republic,Winter,,Pink,47.51,0,47.51,8/6/2025,39,4.4,FALSE,,762,Germany,DE,12.920994,50.833342
FB001265,Tops,Uniqlo,Winter,XXL,Beige,80.39,0,80.39,8/6/2025,24,,FALSE,,114,Germany,DE,7.62767,51.959913
FB001266,Bottoms,Mango,Winter,L,Red,64.75,26.4,47.66,8/6/2025,7,2.9,TRUE,Wrong Item,544,Germany,DE,10.897103,48.367111
FB001267,Outerwear,Zara,Winter,L,Red,129.86,0,129.86,8/6/2025,41,1.7,FALSE,,573,Germany,DE,13.089956,54.313465
FB001268,Bottoms,Banana Republic,Spring,L,Green,32.74,0,32.74,8/12/2024,23,4,TRUE,Damaged,619,Germany,DE,6.615377,51.835972
FB001269,Bottoms,Uniqlo,Spring,L,Blue,79.27,0,79.27,5/11/2025,13,3.5,FALSE,,872,Germany,DE,8.673222,50.583984
FB001270,Tops,Forever21,Spring,S,Beige,119.38,0,119.38,2/20/2025,18,4.4,FALSE,,410,Germany,DE,12.135883,50.497178
FB001271,Dresses,H&M,Winter,S,White,66.17,0,66.17,8/6/2025,1,,FALSE,,210,Germany,DE,10.965214,50.259422
FB001272,Accessories,H&M,Fall,,Purple,68.3,8,62.84,8/6/2025,18,3.1,FALSE,,406,Germany,DE,12.57181,48.882256
FB001273,Outerwear,Mango,Fall,L,Purple,209.66,0,209.66,8/6/2025,30,2.1,FALSE,,487,Germany,DE,10.571743,49.302774
FB001274,Shoes,Uniqlo,Summer,XS,Blue,154.82,0,154.82,8/6/2025,31,,FALSE,,390,Germany,DE,14.550692,52.34311
FB001275,Bottoms,H&M,Winter,S,Gray,37.53,0,37.53,8/6/2025,8,3,TRUE,Changed Mind,928,Germany,DE,9.734297,49.112922
FB001276,Shoes,Zara,Summer,XS,Black,140.28,0,140.28,8/6/2025,10,1.9,FALSE,,582,Germany,DE,10.40861,53.24913
FB001277,Shoes,Uniqlo,Summer,XS,White,171.07,0,171.07,8/6/2025,25,3,FALSE,,284,Germany,DE,7.457314,50.428519
FB001278,Tops,Zara,Summer,M,Purple,77.87,0,77.87,8/6/2025,4,2.7,FALSE,,922,Germany,DE,10.889488,49.893783
FB001279,Tops,H&M,Spring,XL,Navy,80.54,0,80.54,12/10/2024,50,2.1,FALSE,,301,Germany,DE,9.176045,47.657579
FB001280,Bottoms,Uniqlo,Summer,S,White,48.68,41.7,28.38,8/6/2025,20,1.3,TRUE,Damaged,330,Germany,DE,13.197423,52.53379
FB001281,Shoes,Ann Taylor,Winter,XS,Purple,137.83,0,137.83,8/6/2025,32,3.4,TRUE,Changed Mind,748,Germany,DE,6.617605,51.657396
FB001282,Bottoms,Zara,Fall,XXL,Brown,96.88,44.8,53.48,8/6/2025,15,1.3,FALSE,,408,Germany,DE,10.093429,48.836807
FB001283,Tops,H&M,Spring,XL,Blue,46.44,36.8,29.35,3/11/2025,19,1.9,FALSE,,248,Germany,DE,7.097684,51.653687
FB001284,Bottoms,Gap,Winter,L,Brown,86.4,0,86.4,8/6/2025,26,3.7,FALSE,,465,Germany,DE,9.301721474,48.74034829
FB001285,Bottoms,Mango,Fall,XXL,Green,113.83,51.6,55.09,8/6/2025,12,2.9,FALSE,,945,Germany,DE,10.786559,52.421946
FB001286,Bottoms,Zara,Summer,XS,Purple,64.68,42.9,36.93,8/6/2025,36,,FALSE,,634,Germany,DE,11.074223,49.450919
FB001287,Shoes,Forever21,Fall,,Beige,123.23,0,123.23,8/6/2025,40,4.3,FALSE,,709,Germany,DE,11.459856,49.278643
FB001288,Accessories,Ann Taylor,Winter,,Red,69.69,0,69.69,8/6/2025,35,3,FALSE,,152,Denmark,DK,12.5784835,55.6805778
FB001289,Accessories,Banana Republic,Winter,,Green,46.15,24.4,34.89,8/6/2025,31,4.4,TRUE,Size Issue,913,Denmark,DK,12.575792,55.630981
FB001290,Outerwear,H&M,Summer,XS,Navy,229.8,0,229.8,8/6/2025,46,3.6,FALSE,,949,Denmark,DK,9.531723261,55.70526293
FB001291,Outerwear,Uniqlo,Fall,XS,Purple,179.44,19.6,144.27,8/6/2025,42,3,FALSE,,895,Denmark,DK,12.185211,55.456923
FB001292,Shoes,Banana Republic,Fall,L,Green,80.96,56.3,35.38,8/6/2025,41,2.2,TRUE,Changed Mind,107,Denmark,DK,8.4592027,55.4651376
FB001293,Bottoms,Uniqlo,Fall,L,Green,62.3,19.2,50.34,8/6/2025,9,2.5,FALSE,,592,Denmark,DK,9.9910926,57.4580938
FB001294,Accessories,Uniqlo,Fall,,Beige,58.83,12.5,51.48,8/6/2025,3,1.5,FALSE,,157,Denmark,DK,11.354713,55.404877
FB001295,Tops,H&M,Summer,XXL,Navy,119.04,1.7,117.02,8/6/2025,34,4.1,FALSE,,146,Denmark,DK,12.449334,55.718256
FB001296,Outerwear,Zara,Summer,S,Navy,80.54,0,80.54,8/6/2025,3,1.8,TRUE,Size Issue,217,Denmark,DK,9.926383495,57.04766348
FB001297,Bottoms,Banana Republic,Winter,XS,Black,47.32,25.7,35.16,8/6/2025,2,3.2,FALSE,,218,Denmark,DK,8.447574186,55.50826027
FB001298,Shoes,Gap,Winter,XL,Pink,104.57,27.4,75.92,8/6/2025,7,1,TRUE,Quality Issue,993,Denmark,DK,11.87273469,54.7660843
FB001299,Accessories,Zara,Winter,,Blue,38.37,23.3,29.43,8/6/2025,22,1.4,FALSE,,595,Denmark,DK,9.918865,57.042374
FB001300,Outerwear,H&M,Winter,,Red,86.3,0,86.3,8/6/2025,33,3.9,FALSE,,850,Denmark,DK,9.736384,55.504423
FB001301,Accessories,Mango,Winter,,Purple,64.89,4.2,62.16,8/6/2025,40,1.4,FALSE,,709,Denmark,DK,12.2997704,55.9300753
FB001302,Accessories,Mango,Fall,,Navy,53.64,0,53.64,8/6/2025,18,2.3,FALSE,,375,Denmark,DK,8.8671466,54.9348022
FB001303,Dresses,Mango,Summer,XXL,Pink,113.81,9.2,103.34,8/6/2025,11,2.4,FALSE,,472,Denmark,DK,11.1384195,54.8297418
FB001304,Tops,Ann Taylor,Summer,XXL,Beige,40.12,27.7,29.01,8/6/2025,29,1.7,TRUE,Size Issue,534,Denmark,DK,12.4934454,55.6876853
FB001305,Tops,Gap,Winter,M,Black,49.64,30.9,34.3,8/6/2025,21,2,FALSE,,951,Denmark,DK,10.790956,55.312441
FB001306,Bottoms,Forever21,Summer,L,Brown,117.64,54.2,53.88,8/6/2025,25,4.6,TRUE,Wrong Item,106,Denmark,DK,11.715536,55.7169545
FB001307,Accessories,Mango,Summer,,Red,69.78,3.7,67.2,8/6/2025,14,3.2,FALSE,,903,Denmark,DK,11.090621,55.679984
FB001308,Accessories,Forever21,Spring,,White,29.91,18.4,24.41,3/3/2025,10,4.9,FALSE,,975,Denmark,DK,12.359147,55.727841
FB001309,Shoes,H&M,Fall,XL,Black,187.11,43.3,106.09,8/6/2025,26,3,FALSE,,588,Denmark,DK,12.538029,55.702657
FB001310,Accessories,Ann Taylor,Summer,,Beige,40.04,15.8,33.71,8/6/2025,31,1.8,FALSE,,410,Denmark,DK,12.06509113,55.83655431
FB001311,Dresses,Mango,Spring,XS,Beige,113.44,23.4,86.9,3/7/2025,1,,FALSE,,324,Denmark,DK,12.33034,55.598275
FB001312,Bottoms,Zara,Spring,S,Gray,119.84,0,119.84,9/27/2024,47,1.4,FALSE,,954,Denmark,DK,12.511958,55.664993
FB001313,Shoes,Uniqlo,Fall,XXL,Brown,167.27,0,167.27,8/6/2025,9,4,FALSE,,650,Denmark,DK,11.787668,55.454108
FB001314,Dresses,Banana Republic,Spring,XL,Blue,148,1.1,146.37,2/23/2025,43,2,FALSE,,996,Denmark,DK,12.578348,55.725687
FB001315,Bottoms,H&M,Winter,XXL,Red,65.34,49.8,32.8,8/6/2025,9,,FALSE,,189,Denmark,DK,14.69438553,55.10135545
FB001316,Shoes,Banana Republic,Spring,M,Green,84.57,5.4,80,7/17/2025,33,,FALSE,,217,Denmark,DK,12.57711411,55.63051563
FB001317,Bottoms,Gap,Summer,XS,Gray,52.6,0,52.6,8/6/2025,35,1.2,TRUE,Color Mismatch,551,Denmark,DK,12.6045,55.662944
FB001318,Shoes,Uniqlo,Summer,L,Green,106.37,0,106.37,8/6/2025,30,1.1,FALSE,,420,Denmark,DK,12.1002596,55.6412431
FB001319,Tops,Gap,Summer,XXL,Black,96.77,40.4,57.67,8/6/2025,31,4.5,FALSE,,712,Denmark,DK,12.533612,55.681653
FB001320,Outerwear,Banana Republic,Spring,L,Brown,99.02,0,99.02,10/16/2024,21,1.2,FALSE,,679,Denmark,DK,12.400206,55.665704
FB001321,Accessories,Zara,Spring,,Purple,68.89,36.9,43.47,12/5/2024,9,1.8,FALSE,,979,Denmark,DK,12.4562645,55.67869749
FB001322,Dresses,H&M,Spring,S,Pink,63.91,3.5,61.67,5/19/2025,14,2.1,FALSE,,316,Denmark,DK,12.561166,55.662236
FB001323,Shoes,Mango,Fall,S,Navy,116.38,11.4,103.11,8/6/2025,15,,FALSE,,292,Denmark,DK,12.5772358,55.6786363
FB001324,Bottoms,Uniqlo,Fall,XS,Green,71.74,0,71.74,8/6/2025,16,,FALSE,,280,Denmark,DK,12.277179,55.644383
FB001325,Bottoms,Forever21,Winter,M,Beige,91.11,0,91.11,8/6/2025,38,3.3,FALSE,,826,Denmark,DK,12.58224,55.679652
FB001326,Accessories,Zara,Summer,,White,46.07,0,46.07,8/6/2025,25,2.5,FALSE,,486,Denmark,DK,12.474526,55.663894
FB001327,Dresses,Mango,Fall,S,Green,156.27,0,156.27,8/6/2025,43,,FALSE,,743,Denmark,DK,12.505896,55.771655
FB001328,Tops,Mango,Fall,XS,Pink,56.35,0,56.35,8/6/2025,31,1.5,FALSE,,506,Denmark,DK,12.3567623,55.6134663
FB001329,Bottoms,Zara,Winter,XS,Purple,118.21,23.1,90.9,8/6/2025,15,5,FALSE,,211,Denmark,DK,12.497345,55.882118
FB001330,Tops,Gap,Fall,XS,Beige,25.86,0,25.86,8/6/2025,46,1.5,FALSE,,775,Denmark,DK,12.607929,56.032668
FB001331,Tops,H&M,Fall,S,Green,91.67,23.7,69.94,8/6/2025,3,3.7,FALSE,,445,Denmark,DK,12.0781031,55.6409027
FB001332,Bottoms,Uniqlo,Fall,L,Blue,25.29,7.9,23.29,8/6/2025,39,1.7,FALSE,,753,Denmark,DK,11.781421,55.254077
FB001333,Accessories,H&M,Winter,,Navy,51.61,32.2,34.99,8/6/2025,34,4.8,FALSE,,827,Denmark,DK,9.918369,57.049348
FB001334,Outerwear,Banana Republic,Summer,XL,Black,143.61,24.6,108.28,8/6/2025,50,4.1,FALSE,,956,Denmark,DK,8.971611,56.136241
FB001335,Bottoms,Gap,Summer,L,Red,45.48,0,45.48,8/6/2025,29,2.3,FALSE,,860,Denmark,DK,10.385213,55.395542
FB001336,Shoes,Zara,Summer,,White,177.79,10.7,158.77,8/6/2025,37,,FALSE,,298,Denmark,DK,10.188623,56.170465
FB001337,Outerwear,Gap,Fall,XS,Purple,145.1,34.2,95.48,8/6/2025,14,,FALSE,,853,Denmark,DK,10.605519,55.05987
FB001338,Shoes,Ann Taylor,Summer,XXL,Navy,190.78,0,190.78,8/6/2025,39,3.7,FALSE,,552,Denmark,DK,9.874289,57.004656
FB001339,Accessories,Forever21,Fall,,Blue,44.73,0,44.73,8/6/2025,25,1.1,FALSE,,874,Denmark,DK,9.031405,56.565445
FB001340,Shoes,Banana Republic,Winter,XXL,White,65.48,0,65.48,8/6/2025,7,4.6,FALSE,,722,Denmark,DK,10.064228,56.430657
FB001341,Shoes,Gap,Spring,XS,Purple,86.1,0,86.1,12/27/2024,4,2.4,FALSE,,385,Denmark,DK,10.427275,55.382634
FB001342,Bottoms,Uniqlo,Winter,XS,Green,100.14,0,100.14,8/6/2025,48,4.2,FALSE,,874,Denmark,DK,9.4065349,56.4491443
FB001343,Outerwear,Banana Republic,Winter,,Red,203.4,0,203.4,8/6/2025,18,1.8,FALSE,,938,Denmark,DK,10.205752,56.149616
FB001344,Tops,Gap,Winter,XS,White,95.22,24.4,71.99,8/6/2025,26,2.3,FALSE,,510,Denmark,DK,10.13465,56.153975
FB001345,Dresses,H&M,Fall,XL,Red,173.88,31.6,118.93,8/6/2025,5,3.2,FALSE,,696,Denmark,DK,10.534475,57.438424
FB001346,Dresses,H&M,Winter,L,Beige,160.05,0,160.05,8/6/2025,23,4,FALSE,,102,Denmark,DK,9.8461736,55.8619783
FB001347,Tops,Forever21,Winter,XS,Blue,59.53,0,59.53,8/6/2025,28,1.5,FALSE,,756,Denmark,DK,10.03755,56.460623
FB001348,Dresses,Mango,Fall,XS,Blue,155.32,0,155.32,8/6/2025,19,4.1,FALSE,,432,Denmark,DK,9.534888,55.710981
FB001349,Bottoms,Forever21,Spring,XL,Black,29.65,41,17.49,8/26/2024,21,4.5,TRUE,Quality Issue,218,Denmark,DK,9.460056,55.513917
FB001350,Outerwear,Mango,Winter,XXL,Brown,237.53,23.2,182.42,8/6/2025,23,2.2,FALSE,,264,Denmark,DK,9.485246,55.251194
FB001351,Outerwear,Ann Taylor,Summer,M,Pink,81.67,0,81.67,8/6/2025,34,3.1,TRUE,Damaged,360,Denmark,DK,9.872466,57.003017
FB001352,Bottoms,Banana Republic,Spring,M,Beige,37.07,0,37.07,5/1/2025,13,,FALSE,,161,Denmark,DK,8.6192389,56.3623653
FB001353,Tops,Uniqlo,Fall,XXL,Purple,80.97,0,80.97,8/6/2025,13,,FALSE,,573,Denmark,DK,8.691641,56.954585
FB001354,Accessories,Zara,Spring,,Gray,77.68,29.9,54.45,7/24/2025,33,4,TRUE,Damaged,414,Denmark,DK,9.758458,55.565531
FB001355,Tops,Banana Republic,Summer,XXL,Green,117.58,1,116.4,8/6/2025,27,3.3,FALSE,,655,Denmark,DK,9.550102,56.170008
FB001356,Outerwear,Mango,Fall,XL,Blue,130.09,28.3,93.27,8/6/2025,41,2.3,FALSE,,800,Denmark,DK,9.418642,55.045716
FB001357,Tops,Uniqlo,Fall,XS,Purple,63.69,0,63.69,8/6/2025,11,3,FALSE,,958,Denmark,DK,8.996859,56.135612
FB001358,Outerwear,Banana Republic,Spring,XL,Red,135.02,0,135.02,7/30/2025,25,3.4,TRUE,Changed Mind,205,Denmark,DK,9.791395,54.909414
FB001359,Accessories,H&M,Winter,,Beige,45.37,0,45.37,8/6/2025,19,1.1,FALSE,,524,Denmark,DK,9.931898117,56.0333556
FB001360,Bottoms,Zara,Winter,XL,Brown,51.17,8,47.08,8/6/2025,7,,FALSE,,621,Denmark,DK,10.208104,56.155731
FB001361,Dresses,Forever21,Summer,XXL,Brown,49.34,5.5,46.63,8/6/2025,10,4.3,FALSE,,575,Estonia,EE,24.65095279,59.42602922
FB001362,Shoes,Uniqlo,Spring,S,Green,119.78,0,119.78,6/10/2025,40,,FALSE,,376,Estonia,EE,24.75603145,59.43741913
FB001363,Tops,Banana Republic,Spring,S,Gray,77.3,35.1,50.17,7/26/2025,16,,FALSE,,150,Estonia,EE,24.72278358,59.42732691
FB001364,Tops,Gap,Fall,XS,Red,72.69,0,72.69,8/6/2025,6,,FALSE,,932,Estonia,EE,24.79272434,59.42166389
FB001365,Shoes,Gap,Fall,XL,Brown,117.57,0,117.57,8/6/2025,30,4.8,FALSE,,645,Estonia,EE,24.50116155,58.38686143
FB001366,Outerwear,Forever21,Spring,S,Green,161.25,48.4,83.2,11/11/2024,32,,FALSE,,939,Estonia,EE,28.17584092,59.38091999
FB001367,Shoes,Ann Taylor,Fall,S,Purple,158.01,0,158.01,8/6/2025,19,2.6,FALSE,,512,Estonia,EE,26.72930185,58.37753253
FB001368,Tops,Ann Taylor,Summer,L,Blue,60.92,0,60.92,8/6/2025,25,,TRUE,Quality Issue,922,Estonia,EE,26.3394796,59.36449271
FB001369,Shoes,H&M,Summer,XL,Gray,122.03,25.2,91.28,8/6/2025,21,4.7,FALSE,,886,Estonia,EE,26.67661335,58.3582229
FB001370,Shoes,Mango,Spring,S,Brown,109.15,0,109.15,11/11/2024,11,,FALSE,,464,Estonia,EE,26.7522,58.3737
FB001371,Bottoms,Ann Taylor,Fall,M,Beige,60.97,0,60.97,8/6/2025,29,4.5,FALSE,,174,Estonia,EE,22.51630757,58.26535258
FB001372,Accessories,Uniqlo,Summer,,Pink,64.87,35.3,41.97,8/6/2025,12,4.2,TRUE,Size Issue,624,Estonia,EE,24.7623788,59.44134362
FB001373,Shoes,Mango,Fall,S,Pink,151.35,0,151.35,8/6/2025,18,,FALSE,,360,Estonia,EE,27.418833,59.352837
FB001374,Accessories,Gap,Winter,,Blue,72.9,44,40.82,8/6/2025,25,3,FALSE,,485,Egypt,EG,29.943459,31.213885
FB001375,Accessories,Gap,Winter,,Purple,79.48,0,79.48,8/6/2025,2,3.3,FALSE,,396,Egypt,EG,31.345782,30.073679
FB001376,Shoes,Mango,Fall,M,Beige,122.77,59.8,49.35,8/6/2025,33,4,FALSE,,727,Egypt,EG,29.932236,31.168638
FB001377,Bottoms,Forever21,Summer,XL,Black,79.61,0,79.61,8/6/2025,29,3.7,FALSE,,620,Egypt,EG,31.027958,30.063174
FB001378,Bottoms,Uniqlo,Winter,L,White,60.13,0,60.13,8/6/2025,27,,FALSE,,313,Egypt,EG,31.19571,30.057052
FB001379,Accessories,Gap,Winter,,Gray,72.26,41,42.63,8/6/2025,43,3.5,FALSE,,190,Egypt,EG,31.37538,29.97205
FB001380,Bottoms,Mango,Summer,XL,Green,66.38,17,55.1,8/6/2025,24,4.9,TRUE,Size Issue,518,Egypt,EG,31.408398,30.027308
FB001381,Outerwear,Ann Taylor,Spring,XS,Beige,100.27,0,100.27,3/3/2025,37,3.1,FALSE,,715,Egypt,EG,31.316947,29.983303
FB001382,Dresses,Zara,Summer,S,Beige,116.09,52.8,54.79,8/6/2025,22,,FALSE,,780,Egypt,EG,31.195731,30.05705
FB001383,Outerwear,Mango,Fall,S,White,80.71,0.9,79.98,8/6/2025,11,1.1,FALSE,,837,Egypt,EG,31.494928,30.020325
FB001384,Dresses,Banana Republic,Summer,M,Blue,175.11,0,175.11,8/6/2025,39,2.9,FALSE,,201,Egypt,EG,31.016306,29.97198
FB001385,Dresses,Mango,Fall,XS,Brown,122.35,37,77.08,8/6/2025,25,,FALSE,,937,Egypt,EG,31.200774,30.040813
FB001386,Shoes,Uniqlo,Winter,S,Blue,127.99,0,127.99,8/6/2025,14,2.7,FALSE,,568,Egypt,EG,31.195731,30.096957
FB001387,Bottoms,Zara,Summer,S,Brown,101.07,4.6,96.42,8/6/2025,19,4.7,FALSE,,822,Egypt,EG,31.36463015,30.08101439
FB001388,Bottoms,Forever21,Winter,L,Brown,41.83,44.1,23.38,8/6/2025,6,2.4,FALSE,,591,Spain,ES,2.197915149,41.43934111
FB001389,Shoes,H&M,Spring,M,Green,147.52,0,147.52,1/8/2025,41,4,FALSE,,727,Spain,ES,2.248163223,41.44932896
FB001390,Tops,Banana Republic,Fall,S,Gray,85.94,0,85.94,8/6/2025,49,1.5,FALSE,,684,Spain,ES,-0.487883091,39.47092021
FB001391,Dresses,Gap,Winter,XXL,Green,115.61,0,115.61,8/6/2025,35,1.8,FALSE,,304,Spain,ES,-0.889935493,41.67018703
FB001392,Outerwear,Ann Taylor,Winter,XS,Pink,90.58,0,90.58,8/6/2025,1,1,FALSE,,914,Spain,ES,-3.6954587,40.4480832
FB001393,Tops,Gap,Spring,S,Red,64.84,0,64.84,10/26/2024,25,3.9,FALSE,,573,Spain,ES,2.129244804,41.35828934
FB001394,Bottoms,Banana Republic,Summer,XS,Black,37.27,0,37.27,8/6/2025,27,2.8,TRUE,Changed Mind,767,Spain,ES,-2.989096642,43.34109763
FB001395,Tops,Gap,Summer,XL,Blue,90.48,55.2,40.54,8/6/2025,26,3,FALSE,,892,Spain,ES,-1.631212234,42.78343306
FB001396,Shoes,Gap,Summer,S,Green,159.62,58.4,66.4,8/6/2025,45,1.1,FALSE,,427,Spain,ES,2.0107406,41.5617926
FB001397,Shoes,Ann Taylor,Summer,L,Gray,81.46,58.8,33.56,8/6/2025,37,4.6,FALSE,,567,Spain,ES,-3.924350739,40.29988694
FB001398,Shoes,Forever21,Winter,XS,White,93.63,0,93.63,8/6/2025,47,4.1,FALSE,,964,Spain,ES,-0.472455025,38.35383994
FB001399,Tops,Ann Taylor,Summer,M,Brown,95.55,0,95.55,8/6/2025,25,4.7,FALSE,,851,Spain,ES,-0.719947815,38.26200751
FB001400,Outerwear,Zara,Winter,M,White,146.45,0,146.45,8/6/2025,45,3.4,FALSE,,939,Spain,ES,-2.667360306,42.8614956
FB001401,Shoes,Banana Republic,Spring,M,Blue,96.9,0,96.9,2/3/2025,24,4.3,FALSE,,732,Spain,ES,-3.7032663,40.4200857
FB001402,Tops,Banana Republic,Fall,XXL,Brown,71.83,0,71.83,8/6/2025,46,4.5,FALSE,,894,Spain,ES,-3.613128662,40.54082465
FB001403,Tops,H&M,Summer,L,Navy,29.17,0,29.17,8/6/2025,17,1.6,FALSE,,968,Spain,ES,-4.878144264,36.52177692
FB001404,Tops,H&M,Spring,S,Green,31.3,43.6,17.65,3/6/2025,21,4.4,FALSE,,850,Spain,ES,-5.9954842,37.3921425
FB001405,Accessories,Zara,Fall,,Green,73.57,0,73.57,8/6/2025,22,1.1,FALSE,,472,Spain,ES,1.238493919,41.11641333
FB001406,Shoes,Mango,Summer,,Pink,75.95,0,75.95,8/6/2025,14,,FALSE,,691,Spain,ES,-3.720384836,40.4214193
FB001407,Accessories,H&M,Spring,,Green,79.04,0,79.04,10/3/2024,28,4.7,FALSE,,888,Spain,ES,-1.584455967,42.82881891
FB001408,Tops,Mango,Fall,L,White,26.85,0,26.85,8/6/2025,26,,FALSE,,301,Spain,ES,-5.596291343,42.61280199
FB001409,Dresses,Ann Taylor,Spring,L,Gray,126.21,29.2,89.36,8/15/2024,25,1.1,FALSE,,516,Spain,ES,-3.58733654,40.4469144
FB001410,Shoes,Mango,Fall,S,Navy,71.46,0,71.46,8/6/2025,2,3.1,FALSE,,200,Spain,ES,-0.686774254,37.99031167
FB001411,Dresses,Mango,Winter,M,Beige,65.07,14.8,55.44,8/6/2025,21,,FALSE,,333,Spain,ES,-1.700091362,37.63846581
FB001412,Bottoms,Mango,Fall,XL,Pink,28.11,20.9,22.24,8/6/2025,6,2.3,FALSE,,351,Spain,ES,-5.800059521,43.39040027
FB001413,Tops,H&M,Spring,L,Green,29.12,0,29.12,3/25/2025,14,2.7,FALSE,,602,Spain,ES,2.6467772,39.571271
FB001414,Accessories,Forever21,Winter,,Black,57.1,0,57.1,8/6/2025,28,,TRUE,Wrong Item,623,Spain,ES,-2.446603775,36.85471165
FB001415,Outerwear,Uniqlo,Spring,M,Black,248.05,0,248.05,4/29/2025,17,4.6,FALSE,,757,Spain,ES,-3.921346664,40.56744805
FB001416,Bottoms,Zara,Fall,S,Gray,108.59,40.6,64.5,8/6/2025,9,1.3,FALSE,,180,Spain,ES,2.7819879,41.9662354
FB001417,Outerwear,Forever21,Summer,XL,Beige,124.13,0,124.13,8/6/2025,33,5,FALSE,,401,Spain,ES,-2.42073167,42.46317901
FB001418,Accessories,Zara,Spring,,Brown,62.21,1.8,61.09,11/3/2024,4,2.3,FALSE,,502,Spain,ES,-7.569022179,43.03765414
FB001419,Bottoms,Uniqlo,Fall,M,Gray,48.27,0,48.27,8/6/2025,33,,FALSE,,889,Spain,ES,0.622950221,41.61259787
FB001420,Tops,Zara,Spring,XL,Blue,88.77,0,88.77,5/16/2025,40,4.8,FALSE,,876,Spain,ES,-1.149058342,38.03954029
FB001421,Dresses,Gap,Fall,M,Navy,94.17,0,94.17,8/6/2025,2,,FALSE,,321,Spain,ES,-5.649279356,40.95044126
FB001422,Accessories,Forever21,Fall,,Black,30.44,0,30.44,8/6/2025,42,,FALSE,,1000,Spain,ES,-4.476799965,36.65902097
FB001423,Bottoms,Uniqlo,Fall,XS,Purple,114.29,0,114.29,8/6/2025,9,3.2,FALSE,,327,Spain,ES,-0.063149929,39.97996468
FB001424,Shoes,Uniqlo,Fall,XL,Gray,105.01,25.8,77.92,8/6/2025,17,3.2,FALSE,,648,Spain,ES,-13.86352301,28.49683109
FB001425,Tops,Ann Taylor,Spring,XL,Blue,38.56,0,38.56,5/30/2025,39,1.5,FALSE,,308,Spain,ES,-0.176124573,38.53916986
FB001426,Shoes,Mango,Winter,L,Purple,64.94,0,64.94,8/6/2025,32,4.5,FALSE,,541,Spain,ES,-6.604027748,42.55643124
FB001427,Bottoms,Mango,Winter,S,Green,63.74,56.8,27.54,8/6/2025,15,4,FALSE,,303,Spain,ES,-2.611999512,36.7746425
FB001428,Tops,Zara,Summer,XL,Pink,67.23,11.1,59.77,8/6/2025,39,1.1,TRUE,Wrong Item,249,Spain,ES,-8.723831177,42.22064398
FB001429,Accessories,H&M,Spring,,Blue,27.2,40.4,16.21,8/19/2024,20,4.3,FALSE,,920,Spain,ES,2.098461721,41.55213714
FB001430,Tops,Mango,Spring,XL,Brown,75.84,0,75.84,4/7/2025,8,4.1,FALSE,,203,Spain,ES,-3.616753206,37.13328209
FB001431,Dresses,Mango,Winter,M,Navy,68.51,0,68.51,8/6/2025,1,2.6,FALSE,,207,Spain,ES,-16.30680084,28.46074026
FB001432,Accessories,Mango,Summer,,Purple,25.49,0,25.49,8/6/2025,35,2.2,TRUE,Size Issue,426,Spain,ES,-6.04652524,37.38343183
FB001433,Tops,Ann Taylor,Fall,XS,Red,70.88,0,70.88,8/6/2025,5,2.3,FALSE,,858,Spain,ES,2.8213488,41.9783162
FB001434,Shoes,H&M,Summer,XS,White,176.64,8.8,161.1,8/6/2025,1,1.7,FALSE,,504,Spain,ES,-3.532748222,40.33673112
FB001435,Dresses,Ann Taylor,Winter,L,Red,50.76,0,50.76,8/6/2025,45,4.3,FALSE,,170,Spain,ES,-0.948257446,37.62551686
FB001436,Shoes,Mango,Fall,XL,Pink,155.85,0,155.85,8/6/2025,1,3.5,FALSE,,825,Spain,ES,2.025260925,41.31124294
FB001437,Dresses,Banana Republic,Spring,XL,Blue,48.04,0,48.04,5/1/2025,20,3.2,FALSE,,352,Spain,ES,-6.155261993,36.69025696
FB001438,Tops,Forever21,Spring,XS,Navy,44.79,0,44.79,1/19/2025,7,3.6,FALSE,,549,Spain,ES,-6.337952614,36.74944145
FB001439,Tops,Uniqlo,Spring,XS,Blue,76.95,0,76.95,1/12/2025,9,2.5,FALSE,,574,Spain,ES,-8.428637981,43.34468685
FB001440,Accessories,Gap,Summer,,Gray,35.93,49.9,18,8/6/2025,26,4,FALSE,,670,Spain,ES,-3.73758316,40.36413852
FB001441,Bottoms,Banana Republic,Fall,XL,Red,49.97,0,49.97,8/6/2025,11,3.5,TRUE,Quality Issue,921,Spain,ES,-3.756809235,40.65908972
FB001442,Outerwear,H&M,Summer,,Black,169.69,0,169.69,8/6/2025,29,1.9,FALSE,,514,Spain,ES,2.077878088,41.34744401
FB001443,Outerwear,Ann Taylor,Spring,,White,209.3,14.2,179.58,3/5/2025,29,,FALSE,,736,Spain,ES,-7.864982084,42.33786737
FB001444,Tops,Gap,Summer,XXL,Pink,110.81,0,110.81,8/6/2025,24,2.4,FALSE,,372,Spain,ES,-3.022077084,43.31240749
FB001445,Accessories,Uniqlo,Fall,,Black,61.84,0,61.84,8/6/2025,0,4.7,TRUE,Wrong Item,831,Spain,ES,-4.5323878,42.0077776
FB001446,Outerwear,Zara,Spring,S,Brown,190.03,14.9,161.72,7/24/2025,35,4.1,FALSE,,234,Spain,ES,-0.37253201,39.4685225
FB001447,Bottoms,Banana Republic,Fall,XS,Red,74.27,0,74.27,8/6/2025,6,1.3,FALSE,,556,Spain,ES,-1.847376823,38.99050338
FB001448,Outerwear,Zara,Fall,XL,Beige,163.77,30.5,113.82,8/6/2025,10,,FALSE,,159,Spain,ES,-16.30147934,28.42686384
FB001449,Accessories,Mango,Winter,,Purple,42.28,0,42.28,8/6/2025,22,1.9,FALSE,,747,Spain,ES,-3.597979546,40.3686018
FB001450,Bottoms,H&M,Summer,XS,Navy,52.92,0,52.92,8/6/2025,9,,FALSE,,179,Spain,ES,-3.92775178,38.98508282
FB001451,Accessories,Ann Taylor,Spring,,Black,40.55,6.2,38.04,9/9/2024,26,3.7,TRUE,Wrong Item,286,Spain,ES,-4.78605963,41.62741011
FB001452,Shoes,Mango,Summer,XXL,Black,129.76,0,129.76,8/6/2025,39,2.9,FALSE,,452,Spain,ES,-15.40763855,28.03259176
FB001453,Tops,Ann Taylor,Fall,XL,Purple,63.39,0,63.39,8/6/2025,50,2.5,FALSE,,944,Spain,ES,-15.4491806,28.12899235
FB001454,Shoes,H&M,Fall,S,Navy,191.94,1.3,189.44,8/6/2025,39,1.2,FALSE,,966,Spain,ES,2.1325908,41.3894362
FB001455,Accessories,Uniqlo,Spring,,Purple,63.42,0,63.42,11/12/2024,19,2.9,TRUE,Color Mismatch,994,Spain,ES,-7.022023201,38.88341658
FB001456,Tops,Ann Taylor,Winter,XXL,Beige,35.26,0,35.26,8/6/2025,47,2.3,FALSE,,444,Spain,ES,-0.361905098,39.49513284
FB001457,Accessories,Gap,Spring,,Green,44.5,0,44.5,6/13/2025,36,3.6,FALSE,,819,Spain,ES,-1.946253777,43.30866022
FB001458,Shoes,Zara,Spring,XS,White,186.78,43.4,105.72,10/3/2024,42,2.5,TRUE,Damaged,166,Spain,ES,-0.885128975,41.6069715
FB001459,Tops,H&M,Summer,L,Black,116.71,55.4,52.05,8/6/2025,15,,FALSE,,310,Spain,ES,-0.446062088,39.12812939
FB001460,Accessories,H&M,Winter,,Black,24.5,0,24.5,8/6/2025,7,,FALSE,,772,Spain,ES,-0.16895771,38.96918571
FB001461,Accessories,Gap,Winter,,Navy,23.2,0,23.2,8/6/2025,17,2.1,FALSE,,966,Spain,ES,-8.6422538,42.4306282
FB001462,Bottoms,Forever21,Winter,XL,Green,73.8,0,73.8,8/6/2025,42,,FALSE,,213,Spain,ES,-4.797549248,39.96304341
FB001463,Accessories,Zara,Summer,,Black,51.33,0,51.33,8/6/2025,25,1.2,FALSE,,937,Spain,ES,-3.6841038,40.4255188
FB001464,Bottoms,H&M,Winter,XXL,Green,80.21,0,80.21,8/6/2025,17,,FALSE,,983,Spain,ES,-0.354738235,39.45372445
FB001465,Outerwear,Uniqlo,Fall,L,Brown,237.65,0,237.65,8/6/2025,3,3.4,FALSE,,197,Spain,ES,-3.899202347,40.49036933
FB001466,Bottoms,Banana Republic,Spring,S,Brown,96.35,0,96.35,12/12/2024,34,3.7,FALSE,,940,Spain,ES,-3.69260788,40.24029166
FB001467,Bottoms,Banana Republic,Winter,XL,White,91.92,0,91.92,8/6/2025,29,,FALSE,,389,Spain,ES,-4.749140739,41.6229817
FB001468,Shoes,Banana Republic,Fall,XXL,Navy,194.05,0,194.05,8/6/2025,7,1.3,FALSE,,156,Spain,ES,-8.525755405,42.88835399
FB001469,Outerwear,Gap,Summer,S,Red,166.88,0,166.88,8/6/2025,10,1.6,FALSE,,502,Spain,ES,-4.6322615,36.5266315
FB001470,Bottoms,H&M,Winter,S,Red,47.01,0,47.01,8/6/2025,17,1.6,FALSE,,979,Spain,ES,-5.459904671,36.13742416
FB001471,Shoes,Banana Republic,Winter,XXL,Pink,119.91,20.3,95.57,8/6/2025,15,3.8,FALSE,,676,Spain,ES,-3.792600632,40.4389125
FB001472,Accessories,H&M,Fall,,Red,73.73,54.2,33.77,8/6/2025,37,4.1,FALSE,,388,Spain,ES,-5.85912466,37.35427909
FB001473,Bottoms,Zara,Fall,L,Black,108.65,0,108.65,8/6/2025,26,2.4,FALSE,,314,Spain,ES,1.986722946,41.28283754
FB001474,Shoes,Mango,Summer,L,Red,186.53,0,186.53,8/6/2025,31,2.6,FALSE,,349,Spain,ES,0.022423267,38.81799352
FB001475,Accessories,Zara,Summer,,Red,60.34,0,60.34,8/6/2025,13,,FALSE,,208,Spain,ES,-0.735311508,37.92940642
FB001476,Accessories,Mango,Winter,,Navy,61.16,0,61.16,8/6/2025,28,2.3,FALSE,,966,Spain,ES,-6.920077801,37.27225992
FB001477,Shoes,Forever21,Winter,XL,Green,168.85,35.3,109.25,8/6/2025,10,3.3,FALSE,,967,Spain,ES,-3.6563115,40.5190964
FB001478,Tops,Ann Taylor,Winter,L,Navy,60.08,0,60.08,8/6/2025,26,,FALSE,,638,Spain,ES,-3.869590759,40.45292337
FB001479,Accessories,Gap,Summer,,Brown,39.39,29.8,27.65,8/6/2025,13,4.7,FALSE,,406,Spain,ES,-3.68919611,40.46227049
FB001480,Tops,Gap,Fall,M,Pink,111.09,0,111.09,8/6/2025,24,2.2,FALSE,,243,Spain,ES,-2.49817729,41.77237365
FB001481,Dresses,Banana Republic,Summer,M,Green,133.51,0,133.51,8/6/2025,5,1.7,TRUE,Quality Issue,862,Spain,ES,-3.766787052,37.78116235
FB001482,Dresses,Forever21,Summer,XS,Pink,158.9,43.5,89.78,8/6/2025,46,,FALSE,,359,Spain,ES,-3.831932545,40.30299624
FB001483,Tops,Gap,Spring,XS,Brown,65.27,19,52.87,8/29/2024,48,3,FALSE,,735,Spain,ES,-4.952559471,36.48952383
FB001484,Accessories,Zara,Fall,,Green,72.37,0,72.37,8/6/2025,24,2.9,FALSE,,443,Spain,ES,-3.831782341,40.35867755
FB001485,Dresses,Banana Republic,Fall,XL,White,133.88,21.5,105.1,8/6/2025,42,3.1,FALSE,,437,Spain,ES,-0.469472408,38.36689649
FB001486,Tops,Zara,Spring,XXL,Purple,74.3,0,74.3,12/7/2024,24,4.4,FALSE,,315,Spain,ES,2.621204853,39.5509537
FB001487,Shoes,Banana Republic,Summer,XL,Beige,192.74,47.5,101.19,8/6/2025,40,2.8,FALSE,,207,Spain,ES,-1.148586273,38.03227303
FB001488,Accessories,Uniqlo,Summer,,Red,79.02,2.5,77.04,8/6/2025,16,2.8,FALSE,,963,Spain,ES,-4.099767208,36.75506341
FB001489,Shoes,Zara,Winter,S,White,158.29,0,158.29,8/6/2025,5,1.6,FALSE,,756,Spain,ES,-2.122142315,40.05389878
FB001490,Tops,Ann Taylor,Winter,L,White,69.33,0,69.33,8/6/2025,26,4.9,FALSE,,524,Spain,ES,2.229495049,41.44337782
FB001491,Shoes,Gap,Winter,XS,Brown,86.89,19.5,69.95,8/6/2025,49,1.3,FALSE,,169,Spain,ES,-3.838562379,43.4285244
FB001492,Outerwear,Uniqlo,Fall,L,Green,162.75,0,162.75,8/6/2025,13,4.8,FALSE,,270,Spain,ES,-2.940366268,43.26762818
FB001493,Shoes,H&M,Summer,M,Blue,70.28,0,70.28,8/6/2025,27,4.7,FALSE,,978,Spain,ES,2.4348557,41.55567363
FB001494,Bottoms,Mango,Spring,S,White,111.91,0,111.91,7/22/2025,28,1.8,FALSE,,651,Spain,ES,-6.389464014,39.4679375
FB001495,Outerwear,Ann Taylor,Fall,S,Purple,143.76,0,143.76,8/6/2025,7,2,FALSE,,753,Spain,ES,-3.6117161,40.5413792
FB001496,Dresses,H&M,Summer,S,Purple,169.89,0,169.89,8/6/2025,17,1.3,FALSE,,410,Spain,ES,-5.972244616,37.38418545
FB001497,Shoes,Zara,Winter,XL,White,72.29,0,72.29,8/6/2025,0,,FALSE,,171,Spain,ES,-13.58733211,28.95659493
FB001498,Outerwear,Forever21,Winter,XS,Purple,136.2,10.2,122.31,8/6/2025,10,3.6,FALSE,,808,Spain,ES,-16.72032742,28.05820226
FB001499,Tops,Forever21,Summer,S,Red,92.5,0,92.5,8/6/2025,15,2.7,FALSE,,186,Spain,ES,-16.72223715,28.06873003
FB001500,Shoes,Banana Republic,Winter,L,Purple,89.5,0,89.5,8/6/2025,5,4.5,FALSE,,976,Spain,ES,-0.2457775,39.6713233
FB001501,Outerwear,H&M,Spring,L,Beige,161.51,0,161.51,11/2/2024,22,4.7,FALSE,,406,Spain,ES,-16.25865,28.45692
FB001502,Accessories,Zara,Winter,,Brown,38.12,0,38.12,8/6/2025,18,4.4,TRUE,Damaged,606,Spain,ES,2.168339489,41.38900007
FB001503,Dresses,H&M,Summer,XS,Purple,100.08,0,100.08,8/6/2025,23,4.8,FALSE,,281,Spain,ES,2.706336486,39.55272696
FB001504,Dresses,Uniqlo,Fall,L,White,161.79,0,161.79,8/6/2025,44,3.9,FALSE,,727,Spain,ES,1.11085252,41.16263072
FB001505,Bottoms,Ann Taylor,Fall,XL,Black,46.42,0,46.42,8/6/2025,2,3.7,TRUE,Changed Mind,460,Spain,ES,-4.788567384,37.89616781
FB001506,Shoes,Uniqlo,Spring,L,Brown,199.33,44.3,111.03,11/20/2024,19,1.8,FALSE,,845,Spain,ES,2.190703748,41.40504413
FB001507,Bottoms,Forever21,Summer,XXL,Black,25.77,0,25.77,8/6/2025,5,3.1,FALSE,,877,Spain,ES,-6.009864784,37.39113822
FB001508,Shoes,Forever21,Winter,M,Navy,180.67,0,180.67,8/6/2025,31,4.4,FALSE,,485,Spain,ES,-2.937367739,35.27139802
FB001509,Shoes,Forever21,Spring,L,Green,198.13,46.1,106.79,5/19/2025,8,3.2,FALSE,,478,Spain,ES,-3.701435,40.390925
FB001510,Dresses,Uniqlo,Summer,,Navy,161.53,5.3,152.97,8/6/2025,33,3.7,FALSE,,948,Spain,ES,-3.166006487,40.62209882
FB001511,Bottoms,Zara,Spring,M,Gray,25.97,0,25.97,11/28/2024,31,1.2,FALSE,,832,Spain,ES,-1.836693296,43.31943992
FB001512,Tops,Forever21,Summer,L,Beige,85,39.9,51.09,8/6/2025,44,3,FALSE,,373,Spain,ES,-8.203759482,43.48984161
FB001513,Accessories,Uniqlo,Summer,,Pink,75.03,10.9,66.85,8/6/2025,12,1.2,FALSE,,411,Spain,ES,-0.9524978,38.0867771
FB001514,Accessories,Ann Taylor,Winter,,Beige,33.88,0,33.88,8/6/2025,9,,FALSE,,109,Spain,ES,-0.527753104,39.00386478
FB001515,Shoes,Banana Republic,Summer,XS,Purple,142,12.3,124.53,8/6/2025,39,3.3,FALSE,,370,Spain,ES,-2.8103551,36.7731148
FB001516,Dresses,H&M,Fall,XL,Green,125.46,0,125.46,8/6/2025,26,1.1,FALSE,,480,Spain,ES,-2.441655113,36.86186413
FB001517,Shoes,H&M,Winter,L,Blue,138.79,0,138.79,8/6/2025,16,,TRUE,Size Issue,576,Spain,ES,-15.475874,28.094426
FB001518,Bottoms,Ann Taylor,Spring,XL,Pink,81.81,37.9,50.8,2/16/2025,44,,FALSE,,281,Spain,ES,-3.700195,42.341496
FB001519,Accessories,Uniqlo,Fall,,Brown,78.26,47.3,41.24,8/6/2025,20,4,FALSE,,298,Spain,ES,2.0910377,41.3772561
FB001520,Bottoms,Banana Republic,Spring,XL,Navy,119.33,16,100.24,8/16/2024,35,,FALSE,,485,Spain,ES,-3.4754967,40.4567552
FB001521,Accessories,Ann Taylor,Spring,,Black,52.97,0,52.97,7/26/2025,36,4.6,FALSE,,313,Spain,ES,-5.98566053,37.34154537
FB001522,Accessories,Mango,Winter,,Blue,69.48,0,69.48,8/6/2025,17,3.4,FALSE,,723,Spain,ES,-0.48121,38.697744
FB001523,Outerwear,Banana Republic,Summer,L,Gray,177.82,0,177.82,8/6/2025,9,1.1,FALSE,,335,Spain,ES,-4.434058,36.721027
FB001524,Shoes,Banana Republic,Winter,L,Pink,142.71,0,142.71,8/6/2025,28,1,FALSE,,616,Spain,ES,-8.711253,42.239328
FB001525,Bottoms,Zara,Spring,XS,Blue,105.21,0,105.21,11/2/2024,41,4.9,FALSE,,254,Finland,FI,25.08198435,60.21175251
FB001526,Accessories,Forever21,Fall,,Gray,65.09,49.8,32.68,8/6/2025,32,4.9,FALSE,,421,Finland,FI,21.61401272,63.09536047
FB001527,Outerwear,Uniqlo,Winter,M,Navy,167.39,0,167.39,8/6/2025,43,1.8,FALSE,,776,Finland,FI,25.66376209,60.98261156
FB001528,Accessories,Uniqlo,Winter,,Red,49.89,0,49.89,8/6/2025,32,2.4,FALSE,,819,Finland,FI,24.93801557,60.16906578
FB001529,Outerwear,Banana Republic,Fall,S,White,218.06,0,218.06,8/6/2025,32,4,FALSE,,719,Finland,FI,27.67688281,62.8914273
FB001530,Bottoms,Gap,Summer,XS,White,66.64,21.8,52.11,8/6/2025,25,3.5,TRUE,Changed Mind,643,Finland,FI,24.96535778,60.29044927
FB001531,Outerwear,Ann Taylor,Fall,S,Gray,124.69,40.9,73.69,8/6/2025,9,4.1,FALSE,,224,Finland,FI,22.1998297,60.4906147
FB001532,Tops,Mango,Summer,S,Pink,28.24,48.2,14.63,8/6/2025,20,4.5,FALSE,,413,Finland,FI,22.26397097,60.45104718
FB001533,Accessories,Zara,Summer,,Purple,76.39,53.9,35.22,8/6/2025,15,1.5,FALSE,,561,Finland,FI,24.81256562,60.21809066
FB001534,Bottoms,Zara,Winter,M,Blue,96.82,0,96.82,8/6/2025,0,1.1,FALSE,,521,Finland,FI,25.4693648,65.01114321
FB001535,Shoes,Banana Republic,Fall,XS,Navy,159.25,28.2,114.34,8/6/2025,1,,TRUE,Wrong Item,114,Finland,FI,26.9445832,60.46665003
FB001536,Dresses,Zara,Summer,XXL,Navy,171.93,52.3,82.01,8/6/2025,28,2.2,FALSE,,295,Finland,FI,29.76210125,62.60172549
FB001537,Tops,Zara,Summer,XS,Brown,85.25,0,85.25,8/6/2025,11,,FALSE,,973,Finland,FI,23.12447956,60.38687871
FB001538,Tops,Banana Republic,Spring,XXL,Pink,70.48,0,70.48,11/27/2024,22,1.2,FALSE,,153,Finland,FI,23.13199282,63.83637327
FB001539,Outerwear,Banana Republic,Spring,S,Brown,203.02,0,203.02,5/17/2025,23,3.5,TRUE,Quality Issue,838,Finland,FI,23.79447297,61.3615415
FB001540,Dresses,Ann Taylor,Fall,XXL,Pink,115.39,11.2,102.47,8/6/2025,4,3.8,FALSE,,348,Finland,FI,24.14431558,65.84288272
FB001541,Accessories,Mango,Spring,,Pink,27.91,49.8,14.01,2/13/2025,12,2.6,FALSE,,230,Finland,FI,27.732951,64.225136
FB001542,Accessories,H&M,Winter,,Navy,79.69,0,79.69,8/6/2025,44,1.6,FALSE,,182,Finland,FI,28.18987813,61.05590082
FB001543,Bottoms,Forever21,Fall,S,Brown,47.22,0,47.22,8/6/2025,19,1.9,FALSE,,532,Finland,FI,24.86528722,60.63124901
FB001544,Shoes,H&M,Fall,,Brown,172.27,14.9,146.6,8/6/2025,8,3.7,FALSE,,576,Finland,FI,22.32168153,60.42952384
FB001545,Accessories,Zara,Winter,,Black,27.9,0,27.9,8/6/2025,27,3,TRUE,Changed Mind,451,Finland,FI,25.53677423,64.90225897
FB001546,Dresses,Zara,Spring,S,Beige,139.26,0,139.26,1/2/2025,32,3.4,FALSE,,937,Finland,FI,25.73731835,60.98144826
FB001547,Accessories,Ann Taylor,Summer,,Gray,30.47,0,30.47,8/6/2025,34,4.2,FALSE,,611,Finland,FI,25.72386503,66.50365506
FB001548,Outerwear,Gap,Fall,M,Purple,141.53,39.8,85.2,8/6/2025,47,3.5,FALSE,,792,Finland,FI,26.65207147,60.87595488
FB001549,Dresses,Gap,Spring,XL,Gray,47.45,24.4,35.87,6/15/2025,42,2.8,FALSE,,504,Finland,FI,27.27314386,61.68930019
FB001550,Bottoms,Gap,Winter,XS,Navy,51.39,6.3,48.15,8/6/2025,46,,FALSE,,706,Finland,FI,25.65730906,60.38826284
FB001551,Tops,Gap,Spring,,White,74.13,0,74.13,11/13/2024,23,,FALSE,,353,Finland,FI,27.60355632,62.82308899
FB001552,Dresses,Zara,Fall,XL,Purple,156.14,5,148.33,8/6/2025,39,,FALSE,,691,Finland,FI,24.85351315,60.26041606
FB001553,Outerwear,Banana Republic,Summer,XS,Green,105.3,0,105.3,8/6/2025,1,3,FALSE,,920,Finland,FI,21.64967537,63.10739806
FB001554,Dresses,H&M,Winter,S,Navy,126.76,0,126.76,8/6/2025,24,2.2,FALSE,,556,Finland,FI,19.933289,60.130019
FB001555,Tops,Gap,Winter,L,Navy,35.41,0,35.41,8/6/2025,48,4.3,TRUE,Damaged,827,Finland,FI,22.83877964,62.78859136
FB001556,Outerwear,Ann Taylor,Winter,M,White,80.04,0,80.04,8/6/2025,13,2.3,FALSE,,291,Finland,FI,23.66926697,61.51999857
FB001557,Bottoms,Gap,Fall,,Navy,68.16,0,68.16,8/6/2025,34,2.7,FALSE,,199,Finland,FI,24.45676873,60.99293871
FB001558,Dresses,Ann Taylor,Fall,XL,White,60.87,0,60.87,8/6/2025,35,,FALSE,,937,Finland,FI,21.79860311,61.49238987
FB001559,Tops,H&M,Spring,L,Brown,59.8,0,59.8,4/6/2025,50,2.2,TRUE,Size Issue,533,Finland,FI,25.77544759,62.25606931
FB001560,Accessories,Gap,Fall,,Black,75.83,0,75.83,8/6/2025,8,2,FALSE,,281,Finland,FI,24.65783013,60.20352179
FB001561,Tops,H&M,Summer,L,Beige,55.97,0,55.97,8/6/2025,30,,FALSE,,551,Finland,FI,22.712569,63.6742439
FB001562,Shoes,Gap,Winter,XL,Beige,190.52,45.2,104.4,8/6/2025,2,1.1,FALSE,,555,Finland,FI,25.44661095,65.07716717
FB001563,Bottoms,Zara,Summer,M,Pink,89.19,10.3,80,8/6/2025,4,,FALSE,,353,Finland,FI,25.74864659,62.2434248
FB001564,Shoes,Banana Republic,Summer,,White,79.59,8.9,72.51,8/6/2025,16,4.6,TRUE,Wrong Item,936,Finland,FI,23.76696928,61.49315458
FB001565,Bottoms,Mango,Spring,XXL,Gray,84.8,0,84.8,7/8/2025,46,4.6,FALSE,,900,Finland,FI,24.73980488,60.16045528
FB001566,Bottoms,Forever21,Fall,M,Black,69.21,0,69.21,8/6/2025,41,,FALSE,,336,Finland,FI,24.93124396,60.19865846
FB001567,Outerwear,Banana Republic,Spring,XS,Navy,229.17,0,229.17,7/17/2025,37,2,FALSE,,322,Finland,FI,22.79437072,62.79362013
FB001568,Dresses,Banana Republic,Winter,L,White,103.9,0,103.9,8/6/2025,40,4.4,FALSE,,415,Finland,FI,24.97992507,60.18801772
FB001569,Outerwear,Zara,Spring,XS,Beige,228.46,0,228.46,2/7/2025,7,2.5,TRUE,Quality Issue,258,Finland,FI,24.80433454,60.17612273
FB001570,Accessories,Zara,Summer,,White,44.35,29.2,31.4,8/6/2025,20,4.9,FALSE,,745,Finland,FI,24.07032169,60.25083249
FB001571,Bottoms,Uniqlo,Spring,,Gray,28.76,54.7,13.03,5/14/2025,2,4.4,TRUE,Color Mismatch,316,France,FR,2.236618996,48.89053982
FB001572,Outerwear,Mango,Spring,XXL,Red,158.34,36.6,100.39,1/27/2025,11,4.5,FALSE,,720,France,FR,4.835927,45.763161
FB001573,Accessories,Zara,Spring,,Brown,39.05,12,34.36,9/30/2024,0,3.1,FALSE,,679,France,FR,3.072885,50.637364
FB001574,Tops,Ann Taylor,Spring,S,Blue,52.46,12.2,46.06,12/19/2024,39,2.3,FALSE,,562,France,FR,2.044583,48.784182
FB001575,Bottoms,Gap,Spring,S,Red,70.31,34.4,46.12,1/24/2025,28,3.1,FALSE,,748,France,FR,2.080224,49.037829
FB001576,Outerwear,Forever21,Summer,S,Beige,123.27,0,123.27,8/6/2025,13,2.8,FALSE,,226,France,FR,2.371538,48.757279
FB001577,Outerwear,Mango,Summer,L,Navy,215.82,16.5,180.21,8/6/2025,9,2.4,FALSE,,847,France,FR,2.347385,48.861894
FB001578,Outerwear,Gap,Summer,XS,Blue,82.91,0.7,82.33,8/6/2025,24,,TRUE,Damaged,162,France,FR,2.47454,48.956639
FB001579,Tops,Gap,Winter,XL,Purple,33.46,0,33.46,8/6/2025,36,3.6,FALSE,,403,France,FR,1.80855,50.933696
FB001580,Bottoms,Banana Republic,Spring,L,Gray,37.21,53.9,17.15,6/27/2025,48,3.8,FALSE,,166,France,FR,2.781262,48.855446
FB001581,Bottoms,Mango,Winter,,Red,76.86,48.9,39.28,8/6/2025,5,1.2,FALSE,,136,France,FR,1.084751496,49.43114384
FB001582,Outerwear,H&M,Winter,S,Beige,208.57,0,208.57,8/6/2025,24,3.6,FALSE,,515,France,FR,2.375115,51.034571
FB001583,Dresses,Gap,Spring,XL,Red,131.7,15.8,110.89,8/12/2024,49,1.4,TRUE,Damaged,797,France,FR,-0.659205,44.828508
FB001584,Bottoms,Mango,Summer,XXL,Blue,117.21,0,117.21,8/6/2025,14,3.2,FALSE,,376,France,FR,6.123915,45.903876
FB001585,Accessories,Mango,Summer,,Green,23.01,48.8,11.78,8/6/2025,13,3.6,FALSE,,830,France,FR,2.426883,48.629309
FB001586,Accessories,Forever21,Summer,,Red,47.6,0,47.6,8/6/2025,24,4.4,TRUE,Wrong Item,813,France,FR,1.905355453,47.90734819
FB001587,Bottoms,Zara,Fall,L,Pink,33.22,38.4,20.46,8/6/2025,11,2.9,FALSE,,528,France,FR,5.362474,43.420316
FB001588,Accessories,Uniqlo,Winter,,Navy,65.97,6.8,61.48,8/6/2025,41,4.3,FALSE,,688,France,FR,2.251282,48.820798
FB001589,Tops,H&M,Spring,L,Green,47.25,29,33.55,6/20/2025,38,5,FALSE,,165,France,FR,6.179651,48.689708
FB001590,Tops,Forever21,Spring,XS,Green,93.74,0,93.74,12/27/2024,39,4,FALSE,,793,France,FR,5.037922,47.322383
FB001591,Bottoms,Forever21,Summer,XXL,White,31.57,0,31.57,8/6/2025,2,,FALSE,,246,France,FR,4.805322,43.946282
FB001592,Bottoms,Banana Republic,Winter,XXL,Brown,64.21,0,64.21,8/6/2025,3,2.8,FALSE,,627,France,FR,5.347291,43.364194
FB001593,Accessories,Banana Republic,Winter,,Green,56.13,8.1,51.58,8/6/2025,12,3.8,FALSE,,717,France,FR,4.393865,45.423014
FB001594,Tops,Uniqlo,Summer,XXL,Beige,70.89,0,70.89,8/6/2025,14,4.7,TRUE,Size Issue,774,France,FR,5.733015,45.156811
FB001595,Shoes,Banana Republic,Winter,M,Purple,149.65,0,149.65,8/6/2025,26,3.8,FALSE,,373,France,FR,-0.574121475,44.83984941
FB001596,Shoes,Zara,Spring,S,White,83.17,0,83.17,9/3/2024,48,3.2,FALSE,,683,France,FR,-4.479858,48.393536
FB001597,Outerwear,H&M,Fall,XL,Blue,121.56,0,121.56,8/6/2025,18,3.3,FALSE,,690,France,FR,3.17595005,50.69266534
FB001598,Bottoms,Zara,Winter,M,Purple,48.62,0,48.62,8/6/2025,3,,TRUE,Damaged,890,France,FR,-1.632193,47.223331
FB001599,Dresses,Ann Taylor,Winter,M,Blue,79.04,0,79.04,8/6/2025,4,4.1,FALSE,,124,France,FR,4.856222,45.761061
FB001600,Outerwear,Mango,Spring,XS,Gray,198.58,0,198.58,1/24/2025,46,,FALSE,,379,France,FR,-1.560826,47.215911
FB001601,Outerwear,Banana Republic,Summer,M,Green,109.82,0,109.82,8/6/2025,32,2.3,FALSE,,870,France,FR,4.028622,49.253289
FB001602,Accessories,Banana Republic,Summer,,Red,34.42,49.5,17.38,8/6/2025,26,2.2,FALSE,,392,France,FR,2.478503,48.883315
FB001603,Shoes,Zara,Winter,,Gray,112.1,0,112.1,8/6/2025,5,2,TRUE,Color Mismatch,119,France,FR,2.220052,48.781353
FB001604,Bottoms,Gap,Fall,XS,White,25.07,0,25.07,8/6/2025,9,2.5,FALSE,,756,France,FR,2.546639,48.614429
FB001605,Dresses,Uniqlo,Spring,XL,Green,170.38,0,170.38,9/5/2024,23,4.3,FALSE,,553,France,FR,5.994952,46.228411
FB001606,Dresses,Mango,Winter,XXL,Green,77.32,0,77.32,8/6/2025,30,2.2,TRUE,Color Mismatch,170,France,FR,4.362981,43.813105
FB001607,Shoes,Mango,Winter,XS,Black,111.88,0,111.88,8/6/2025,17,4.6,FALSE,,842,France,FR,2.39502,47.0848877
FB001608,Accessories,Forever21,Fall,,Black,24.71,0,24.71,8/6/2025,37,,FALSE,,283,France,FR,4.864929,43.922052
FB001609,Tops,Uniqlo,Spring,XL,Red,61.42,0,61.42,8/22/2024,41,3.5,FALSE,,125,France,FR,6.166689,49.358313
FB001610,Accessories,Gap,Fall,,Blue,60.48,7.3,56.06,8/6/2025,46,3.6,FALSE,,988,France,FR,-0.55411,47.471661
FB001611,Accessories,Mango,Fall,,Purple,34.94,5.2,33.12,8/6/2025,18,,FALSE,,386,France,FR,0.1966015,48.0034599
FB001612,Bottoms,Banana Republic,Spring,XL,Red,30.51,0,30.51,1/14/2025,17,1.2,FALSE,,628,France,FR,2.328562,48.811354
FB001613,Dresses,Banana Republic,Winter,XXL,Navy,65.54,40.3,39.13,8/6/2025,27,1.2,FALSE,,378,France,FR,1.371145,43.644688
FB001614,Shoes,Forever21,Summer,S,Beige,114.37,43.2,64.96,8/6/2025,16,1.4,FALSE,,486,France,FR,0.679521561,47.36554236
FB001615,Dresses,Mango,Spring,S,White,145.8,0,145.8,9/27/2024,13,4,FALSE,,662,France,FR,-1.677653,48.114448
FB001616,Shoes,Zara,Summer,S,Red,121.43,44.1,67.88,8/6/2025,2,4.4,FALSE,,492,France,FR,4.864866,43.922063
FB001617,Shoes,Forever21,Summer,XXL,Green,94.49,0,94.49,8/6/2025,30,1.5,FALSE,,745,France,FR,3.524593,50.356998
FB001618,Outerwear,Forever21,Fall,M,Purple,218.64,0,218.64,8/6/2025,5,,FALSE,,957,France,FR,5.442766,43.526319
FB001619,Outerwear,Uniqlo,Fall,S,Black,80.41,11.9,70.84,8/6/2025,35,1.5,FALSE,,661,France,FR,3.130705,50.618784
FB001620,Shoes,Gap,Winter,XL,Beige,183.3,0,183.3,8/6/2025,7,2,FALSE,,816,France,FR,2.978662,50.65147
FB001621,Outerwear,Uniqlo,Fall,XS,White,241.81,0,241.81,8/6/2025,38,3.5,FALSE,,536,France,FR,-3.36252,47.747166
FB001622,Outerwear,Mango,Spring,XS,White,216.46,28.8,154.12,8/12/2024,43,1.3,FALSE,,559,France,FR,2.977294922,50.41316686
FB001623,Dresses,Uniqlo,Spring,S,Pink,63.07,53.6,29.26,5/20/2025,4,1.5,TRUE,Color Mismatch,250,France,FR,0.374177561,46.5736584
FB001624,Accessories,Banana Republic,Spring,,Green,44.7,0,44.7,3/17/2025,29,3.2,FALSE,,545,France,FR,1.508289,43.549601
FB001625,Tops,Zara,Fall,XXL,White,28.23,40.3,16.85,8/6/2025,21,2.7,FALSE,,372,France,FR,2.30406,48.871442
FB001626,Shoes,Ann Taylor,Fall,XXL,Green,131.94,27.3,95.92,8/6/2025,6,2.8,TRUE,Damaged,831,France,FR,3.074626923,50.63775828
FB001627,Outerwear,Forever21,Fall,M,Blue,166.85,30.9,115.29,8/6/2025,14,4.2,TRUE,Changed Mind,422,France,FR,0.162146,45.649873
FB001628,Tops,Banana Republic,Winter,S,Navy,39.58,30.9,27.35,8/6/2025,17,2.5,FALSE,,840,France,FR,7.756777,48.573554
FB001629,Outerwear,Uniqlo,Summer,M,Blue,89.55,58,37.61,8/6/2025,21,2.6,FALSE,,308,France,FR,1.25927,45.835792
FB001630,Outerwear,Mango,Fall,M,Purple,138.55,0,138.55,8/6/2025,25,2,FALSE,,548,France,FR,5.919222,45.566606
FB001631,Accessories,Uniqlo,Fall,,Beige,43.84,0,43.84,8/6/2025,28,2.8,FALSE,,765,France,FR,-1.536539,47.204359
FB001632,Tops,Forever21,Fall,XL,Brown,63.72,17.8,52.38,8/6/2025,45,2.4,FALSE,,234,France,FR,-0.659188,44.828508
FB001633,Accessories,Zara,Spring,,Red,74.61,0,74.61,4/28/2025,38,2.8,FALSE,,649,France,FR,0.69002,47.38938
FB001634,Shoes,Uniqlo,Spring,S,Gray,148.24,10.9,132.08,8/27/2024,44,1.3,FALSE,,255,France,FR,2.545559,48.84004
FB001635,Tops,Gap,Spring,XL,Gray,93.46,0,93.46,2/12/2025,20,2.2,FALSE,,340,France,FR,7.197398,43.659945
FB001636,Outerwear,Uniqlo,Summer,XXL,Red,245.31,44.1,137.13,8/6/2025,44,,FALSE,,366,France,FR,-1.49987,43.4873
FB001637,Tops,Banana Republic,Spring,XXL,Red,43.38,45.9,23.47,12/3/2024,47,3.7,TRUE,Changed Mind,940,France,FR,0.111675,49.522242
FB001638,Accessories,Ann Taylor,Fall,,Black,40.04,45.5,21.82,8/6/2025,50,2.2,FALSE,,797,France,FR,3.919573,43.603666
FB001639,Outerwear,H&M,Fall,M,Beige,209.68,3.6,202.13,8/6/2025,18,4.1,FALSE,,126,France,FR,3.121499,45.783068
FB001640,Accessories,Mango,Winter,,Brown,38.08,0,38.08,8/6/2025,0,1.6,FALSE,,864,France,FR,6.231769,46.181904
FB001641,Outerwear,Ann Taylor,Spring,XXL,Beige,123.04,0,123.04,4/5/2025,13,1.2,FALSE,,879,France,FR,5.364951,43.305913
FB001642,Accessories,Uniqlo,Summer,,Pink,39.94,0,39.94,8/6/2025,32,3.1,FALSE,,526,France,FR,6.013155,43.141672
FB001643,Dresses,H&M,Summer,M,Gray,80.19,0,80.19,8/6/2025,43,3.8,FALSE,,234,France,FR,-2.76013,48.511657
FB001644,Tops,Uniqlo,Spring,XXL,Purple,35.03,10.1,31.49,5/30/2025,5,3.8,FALSE,,730,France,FR,2.299269,49.892501
FB001645,Tops,H&M,Summer,M,Black,27.64,29,19.62,8/6/2025,19,1,FALSE,,257,France,FR,1.370399,43.513578
FB001646,Outerwear,Mango,Spring,M,Navy,187.63,0,187.63,4/25/2025,25,1.8,FALSE,,173,France,FR,5.946363,47.214459
FB001647,Outerwear,H&M,Winter,XXL,Black,193.17,34.6,126.33,8/6/2025,26,,FALSE,,886,France,FR,-2.208638,47.276382
FB001648,Shoes,Banana Republic,Spring,M,Black,157.78,40.2,94.35,8/2/2025,23,3.1,FALSE,,512,France,FR,1.0655958,49.4458261
FB001649,Shoes,Zara,Winter,L,Black,119.14,7.8,109.85,8/6/2025,20,3.1,FALSE,,973,France,FR,2.362881,48.811827
FB001650,Dresses,Forever21,Winter,M,White,150.08,4.8,142.88,8/6/2025,24,1.7,FALSE,,123,France,FR,4.92062,45.764223
FB001651,Dresses,Uniqlo,Summer,L,Blue,153.18,0,153.18,8/6/2025,26,1.1,FALSE,,713,France,FR,4.8908619,44.9295501
FB001652,Tops,Banana Republic,Winter,S,Pink,118.69,47.7,62.07,8/6/2025,11,2.8,FALSE,,280,France,FR,2.333414555,48.87336694
FB001653,Accessories,H&M,Spring,,Navy,50.12,0,50.12,3/9/2025,27,2.4,FALSE,,545,France,FR,-0.38303,46.340675
FB001654,Dresses,Gap,Spring,XS,Blue,93.68,59.5,37.94,4/24/2025,21,,FALSE,,249,France,FR,-0.883583,47.06152
FB001655,Tops,Uniqlo,Summer,S,Red,50.49,0,50.49,8/6/2025,30,4.1,FALSE,,902,France,FR,-1.43247,46.701032
FB001656,Shoes,Mango,Summer,XS,White,97.9,0,97.9,8/6/2025,29,1.3,FALSE,,992,France,FR,1.484671,43.631124
FB001657,Tops,Uniqlo,Summer,S,Gray,69,0,69,8/6/2025,32,4.5,FALSE,,777,France,FR,0.174591234,48.0426476
FB001658,Accessories,Mango,Fall,,Purple,30.2,27.1,22.02,8/6/2025,15,,FALSE,,719,France,FR,5.725382,45.184585
FB001659,Tops,Banana Republic,Winter,L,Beige,84.92,59.1,34.73,8/6/2025,42,,FALSE,,260,France,FR,5.240867,46.221423
FB001660,Tops,Forever21,Fall,XS,White,116.48,0,116.48,8/6/2025,3,1.5,FALSE,,609,France,FR,1.369274,44.031025
FB001661,Tops,H&M,Summer,XL,Navy,40.68,0,40.68,8/6/2025,41,1.1,TRUE,Changed Mind,778,France,FR,3.159886524,46.99416557
FB001662,Outerwear,Ann Taylor,Summer,XL,Black,118.92,0,118.92,8/6/2025,36,1.8,TRUE,Wrong Item,938,France,FR,-0.241142,44.916038
FB001663,Bottoms,Ann Taylor,Summer,XXL,Black,26.86,0,26.86,8/6/2025,18,3.2,FALSE,,996,France,FR,-4.465774,48.408802
FB001664,Dresses,Banana Republic,Fall,S,Green,113.34,0,113.34,8/6/2025,13,,FALSE,,837,France,FR,2.556022,48.79555
FB001665,Tops,Gap,Summer,L,Black,40.52,8.9,36.91,8/6/2025,13,2.5,FALSE,,641,France,FR,5.477777,43.294782
FB001666,Bottoms,Forever21,Summer,L,Pink,98.41,0,98.41,8/6/2025,7,4.6,FALSE,,189,France,FR,2.374407,48.98579
FB001667,Bottoms,Forever21,Winter,XS,Red,83.18,0,83.18,8/6/2025,17,1.7,TRUE,Size Issue,109,France,FR,3.5718818,47.81721376
FB001668,Shoes,H&M,Spring,XXL,Purple,179.31,24.1,136.1,7/13/2025,0,3.1,FALSE,,823,France,FR,-1.618194509,49.63623582
FB001669,Tops,Zara,Spring,XXL,Green,47.88,0,47.88,12/21/2024,44,1.9,FALSE,,327,France,FR,2.035882,48.90865
FB001670,Outerwear,Mango,Winter,XL,Navy,89.26,0,89.26,8/6/2025,43,3.8,FALSE,,132,France,FR,-0.521327,47.467086
FB001671,Dresses,Gap,Summer,XXL,Black,114.2,0,114.2,8/6/2025,15,,FALSE,,898,France,FR,2.880072,42.66934
FB001672,Shoes,Gap,Summer,L,Green,169.5,59.7,68.31,8/6/2025,16,1.8,FALSE,,913,France,FR,2.329094,48.925745
FB001673,Tops,H&M,Fall,XS,White,77.99,0,77.99,8/6/2025,42,,FALSE,,635,France,FR,-0.091245,47.262134
FB001674,Bottoms,Ann Taylor,Fall,,Pink,103.77,0,103.77,8/6/2025,12,4.4,FALSE,,704,France,FR,-0.291836491,49.16492344
FB001675,Accessories,Forever21,Fall,,Black,42.96,0,42.96,8/6/2025,36,1.1,FALSE,,980,France,FR,4.361927,48.957242
FB001676,Dresses,Banana Republic,Fall,,Brown,126.11,0,126.11,8/6/2025,16,3.5,FALSE,,316,France,FR,3.329354,46.564366
FB001677,Accessories,Banana Republic,Summer,,Beige,43.83,0,43.83,8/6/2025,31,2.5,FALSE,,869,France,FR,1.094131419,49.44086755
FB001678,Shoes,Banana Republic,Fall,S,Beige,94.1,0,94.1,8/6/2025,24,1.4,FALSE,,477,France,FR,6.237564,46.196771
FB001679,Shoes,Zara,Fall,M,Red,151.27,0,151.27,8/6/2025,39,4,TRUE,Damaged,544,France,FR,2.982086,43.161234
FB001680,Accessories,Gap,Spring,,Navy,61.47,0,61.47,8/25/2024,44,,FALSE,,694,France,FR,-1.546787,47.160147
FB001681,Shoes,Mango,Summer,M,Navy,185.96,0,185.96,8/6/2025,35,1.3,FALSE,,808,France,FR,-0.479048,43.865072
FB001682,Dresses,Gap,Fall,M,Red,113.05,0,113.05,8/6/2025,47,2,FALSE,,601,France,FR,1.532596,45.160982
FB001683,Tops,Banana Republic,Summer,L,Brown,110.9,34.7,72.42,8/6/2025,2,2.5,FALSE,,809,France,FR,3.28806,49.846859
FB001684,Tops,Uniqlo,Summer,XXL,White,29.04,0,29.04,8/6/2025,4,5,FALSE,,867,France,FR,0.339304531,46.58059975
FB001685,Shoes,Forever21,Spring,XL,Gray,164.48,51.5,79.77,9/7/2024,27,3.4,FALSE,,643,France,FR,6.075585,45.938927
FB001686,Bottoms,Banana Republic,Winter,L,White,52.51,49.4,26.57,8/6/2025,37,3.5,TRUE,Changed Mind,487,France,FR,4.025449,48.306551
FB001687,Dresses,Ann Taylor,Winter,XXL,Gray,175.74,42.9,100.35,8/6/2025,48,,TRUE,Changed Mind,902,France,FR,2.296106,48.892144
FB001688,Tops,Ann Taylor,Spring,XS,Beige,57.06,27.5,41.37,12/25/2024,43,1.8,FALSE,,106,France,FR,2.663781,48.947237
FB001689,Dresses,Ann Taylor,Winter,L,Black,158.24,0,158.24,8/6/2025,41,3.1,FALSE,,639,France,FR,-1.682097,48.139416
FB001690,Outerwear,Mango,Fall,,Pink,153.46,0,153.46,8/6/2025,27,1.7,FALSE,,314,France,FR,2.341584,49.040284
FB001691,Accessories,Zara,Spring,,Brown,54.92,0,54.92,4/12/2025,44,3.1,FALSE,,315,France,FR,7.743954,48.585219
FB001692,Accessories,Uniqlo,Spring,,Purple,32.2,19.2,26.02,7/27/2025,8,4.3,FALSE,,590,France,FR,1.147998869,49.02664665
FB001693,Accessories,Mango,Fall,,Brown,66.49,29.1,47.14,8/6/2025,37,1.3,FALSE,,705,France,FR,2.301627,48.585724
FB001694,Accessories,Mango,Winter,,Blue,32.95,50.2,16.41,8/6/2025,46,,FALSE,,696,France,FR,3.081282,45.774403
FB001695,Accessories,H&M,Fall,,Gray,54.31,19.2,43.88,8/6/2025,19,1.8,FALSE,,617,France,FR,2.28216,48.848208
FB001696,Accessories,Banana Republic,Summer,,Navy,19.68,0,19.68,8/6/2025,29,1.5,TRUE,Size Issue,880,France,FR,-0.534419,44.794829
FB001697,Tops,Zara,Spring,XS,Gray,105.19,24.3,79.63,6/14/2025,47,5,FALSE,,834,France,FR,-0.35159198,49.17737851
FB001698,Accessories,Banana Republic,Summer,,Green,20.3,19.6,16.32,8/6/2025,47,2.9,TRUE,Changed Mind,782,France,FR,2.089333,49.432154
FB001699,Bottoms,Mango,Summer,S,Brown,105.37,19.6,84.72,8/6/2025,39,4.3,FALSE,,260,France,FR,7.338673,47.748435
FB001700,Dresses,Ann Taylor,Winter,XS,Green,156.24,0,156.24,8/6/2025,15,5,FALSE,,936,France,FR,3.082569,44.100402
FB001701,Shoes,Mango,Winter,XS,Brown,162.19,5.7,152.95,8/6/2025,39,1.4,FALSE,,612,France,FR,2.5226,48.989986
FB001702,Tops,H&M,Spring,M,Beige,75.79,7.1,70.41,3/29/2025,13,3.3,FALSE,,985,France,FR,2.464306,49.233382
FB001703,Accessories,Forever21,Summer,,Pink,32.04,0,32.04,8/6/2025,41,1.8,FALSE,,581,France,FR,-1.116692,44.613236
FB001704,Tops,Gap,Fall,M,Black,27.65,31.8,18.86,8/6/2025,2,3.7,TRUE,Size Issue,624,France,FR,-0.693674,44.884001
FB001705,Bottoms,Banana Republic,Spring,M,Purple,31.54,0,31.54,8/3/2025,45,1.3,FALSE,,527,France,FR,-0.359106,43.316635
FB001706,Bottoms,Zara,Summer,XXL,Beige,77.64,39.1,47.28,8/6/2025,19,2.6,FALSE,,405,France,FR,5.798433,49.545562
FB001707,Dresses,H&M,Winter,XL,Pink,51.48,0,51.48,8/6/2025,10,1,FALSE,,340,France,FR,2.860423,48.958127
FB001708,Outerwear,Zara,Fall,M,Pink,108.58,0,108.58,8/6/2025,44,2.4,FALSE,,687,France,FR,7.724827,48.653614
FB001709,Tops,Forever21,Winter,XXL,Black,84.17,0,84.17,8/6/2025,20,3.7,FALSE,,741,France,FR,2.82505,49.418671
FB001710,Bottoms,Mango,Spring,L,Pink,76.45,0,76.45,6/10/2025,16,1,TRUE,Color Mismatch,148,France,FR,2.828552,50.429438
FB001711,Accessories,Uniqlo,Spring,,Gray,50.31,0,50.31,4/24/2025,36,,FALSE,,452,France,FR,5.2243787,45.6123927
FB001712,Tops,Gap,Spring,S,Pink,43.45,0,43.45,7/17/2025,30,2.3,FALSE,,722,France,FR,2.3763559,48.8305678
FB001713,Dresses,Uniqlo,Fall,XL,Gray,149.22,53.9,68.79,8/6/2025,41,2.2,FALSE,,770,France,FR,-1.149803,46.160625
FB001714,Bottoms,Gap,Summer,XS,Gray,48.24,31.7,32.95,8/6/2025,46,3.7,FALSE,,238,France,FR,-2.756081,47.65919
FB001715,Bottoms,H&M,Summer,S,Brown,66.27,21.7,51.89,8/6/2025,28,2.5,TRUE,Changed Mind,435,France,FR,7.268456,43.699423
FB001716,Shoes,H&M,Fall,XXL,Navy,82.65,0,82.65,8/6/2025,30,4.1,FALSE,,372,France,FR,1.693528362,46.81122735
FB001717,Bottoms,Ann Taylor,Winter,XXL,Black,42.36,0,42.36,8/6/2025,37,1.4,FALSE,,645,France,FR,1.464511356,48.4113556
FB001718,Bottoms,Ann Taylor,Summer,M,Red,109.36,0,109.36,8/6/2025,24,1.7,FALSE,,597,France,FR,2.038737322,47.90584573
FB001719,Accessories,Ann Taylor,Winter,,Beige,59.98,0,59.98,8/6/2025,28,2.2,FALSE,,535,France,FR,-0.461947,46.324323
FB001720,Dresses,Gap,Spring,,Purple,111.81,0,111.81,8/21/2024,45,1.1,FALSE,,678,France,FR,7.125869,43.665232
FB001721,Bottoms,Banana Republic,Winter,XXL,Red,70.78,0,70.78,8/6/2025,39,3.4,TRUE,Color Mismatch,501,France,FR,6.020624,47.238472
FB001722,Accessories,Mango,Winter,,Pink,76.13,58.5,31.59,8/6/2025,40,1.6,FALSE,,712,France,FR,-1.042468,43.730977
FB001723,Bottoms,Banana Republic,Fall,XS,Pink,71.09,41.5,41.59,8/6/2025,20,3.1,FALSE,,222,France,FR,5.379262,43.292172
FB001724,Bottoms,Mango,Fall,,Gray,53.64,55.9,23.66,8/6/2025,10,2.5,FALSE,,653,France,FR,3.0423599,50.6138111
FB001725,Shoes,Ann Taylor,Fall,,Brown,110.2,59.7,44.41,8/6/2025,13,3.5,TRUE,Color Mismatch,631,France,FR,6.104117,49.080799
FB001726,Shoes,Uniqlo,Summer,XXL,Green,80.63,17.4,66.6,8/6/2025,6,,TRUE,Damaged,863,France,FR,6.932482,43.531499
FB001727,Dresses,Mango,Spring,XL,Green,101.09,24.8,76.02,9/2/2024,7,4.5,TRUE,Damaged,708,France,FR,-3.344229,47.776016
FB001728,Accessories,Zara,Spring,,Navy,75.48,0,75.48,5/27/2025,16,1.4,FALSE,,473,France,FR,0.183652,45.693862
FB001729,Shoes,Banana Republic,Summer,S,Brown,159.95,6.4,149.71,8/6/2025,39,3,FALSE,,921,France,FR,-3.852583,48.573753
FB001730,Dresses,Gap,Summer,L,Black,61.9,0,61.9,8/6/2025,29,4.4,FALSE,,114,France,FR,2.456300479,48.77974755
FB001731,Tops,Banana Republic,Fall,XL,Purple,63.45,12.3,55.65,8/6/2025,23,4.9,FALSE,,745,France,FR,5.419786,43.533736
FB001732,Tops,Mango,Summer,S,Red,43.22,46.7,23.04,8/6/2025,29,1.3,FALSE,,567,France,FR,1.400668,43.68967
FB001733,Shoes,Banana Republic,Winter,S,Navy,64.65,26.8,47.32,8/6/2025,28,4.7,FALSE,,604,France,FR,5.10456,47.310331
FB001734,Shoes,Uniqlo,Spring,XXL,Purple,118.67,56,52.21,4/26/2025,27,3.5,FALSE,,573,France,FR,-0.426911,43.316175
FB001735,Dresses,Banana Republic,Spring,XS,White,169.32,0,169.32,12/17/2024,19,2.2,FALSE,,451,France,FR,2.369670423,43.23592742
FB001736,Shoes,Ann Taylor,Spring,XS,Gray,115.77,0,115.77,11/24/2024,43,,FALSE,,711,France,FR,2.253234,48.706461
FB001737,Shoes,Mango,Fall,XS,Beige,139.91,0,139.91,8/6/2025,9,3.7,FALSE,,418,France,FR,6.177289,49.118109
FB001738,Bottoms,Banana Republic,Summer,XXL,Purple,101.73,0,101.73,8/6/2025,14,4.7,FALSE,,734,France,FR,6.854119,49.112224
FB001739,Tops,Forever21,Summer,,Pink,105.85,0,105.85,8/6/2025,29,2.1,FALSE,,151,France,FR,-1.445057,43.480162
FB001740,Tops,Gap,Spring,XL,Gray,105.37,0,105.37,4/15/2025,24,1.2,FALSE,,179,France,FR,2.375833032,49.8671321
FB001741,Tops,H&M,Summer,S,Brown,44.42,0,44.42,8/6/2025,49,,FALSE,,362,France,FR,4.7196113,49.7708928
FB001742,Shoes,Uniqlo,Spring,XS,Gray,164.86,14.3,141.29,3/14/2025,7,2.3,FALSE,,154,France,FR,8.793159,41.953544
FB001743,Shoes,Mango,Fall,XXL,Black,163.88,5.9,154.21,8/6/2025,39,2.6,FALSE,,392,France,FR,0.762108,45.191162
FB001744,Bottoms,Zara,Fall,XS,Green,36.54,5.3,34.6,8/6/2025,13,2.5,FALSE,,129,France,FR,0.620847653,44.20504939
FB001745,Dresses,Banana Republic,Spring,M,Red,99.97,0,99.97,10/16/2024,38,1.4,FALSE,,495,France,FR,7.187280501,43.72915472
FB001746,Outerwear,Ann Taylor,Summer,XL,Red,194.78,0,194.78,8/6/2025,31,,FALSE,,951,France,FR,4.791482,46.253697
FB001747,Outerwear,Uniqlo,Fall,XS,Blue,208.93,0,208.93,8/6/2025,12,2.3,FALSE,,317,France,FR,2.37354618,48.71346062
FB001748,Bottoms,Ann Taylor,Spring,XS,Red,68.46,50,34.23,1/26/2025,24,1.9,FALSE,,631,France,FR,-4.095929,47.974817
FB001749,Accessories,Banana Republic,Winter,,Purple,30.26,50,15.13,8/6/2025,23,1.4,FALSE,,221,France,FR,7.367309646,48.12718983
FB001750,Outerwear,Mango,Summer,XS,Green,186.66,30.9,128.98,8/6/2025,7,1,FALSE,,867,France,FR,1.86146117,47.90437849
FB001751,Tops,Zara,Winter,S,Black,78.05,48.1,40.51,8/6/2025,36,2.9,TRUE,Changed Mind,321,France,FR,-1.576630405,48.11612712
FB001752,Tops,Uniqlo,Spring,M,Purple,104.75,0,104.75,10/26/2024,11,,FALSE,,382,France,FR,0.709859646,47.32481039
FB001753,Shoes,Uniqlo,Summer,M,Brown,121.33,0,121.33,8/6/2025,30,4.2,FALSE,,298,France,FR,4.644687,43.707576
FB001754,Dresses,Mango,Fall,XXL,Green,78.09,0,78.09,8/6/2025,6,2,FALSE,,268,France,FR,1.949075,48.817223
FB001755,Tops,Uniqlo,Fall,XXL,Red,109.19,0,109.19,8/6/2025,47,4.5,FALSE,,495,France,FR,4.427003339,45.43728599
FB001756,Shoes,Ann Taylor,Winter,L,Black,126.74,0,126.74,8/6/2025,2,2.9,FALSE,,885,France,FR,2.329691,48.870464
FB001757,Shoes,H&M,Spring,XL,Black,95.85,0,95.85,2/15/2025,45,5,FALSE,,739,UK,GB,-3.1051213,55.9358567
FB001758,Outerwear,Mango,Summer,S,Blue,213.98,0,213.98,8/6/2025,38,,FALSE,,382,UK,GB,-0.145161152,50.82309873
FB001759,Shoes,Forever21,Spring,XXL,Beige,146.23,40,87.74,1/27/2025,17,2.6,TRUE,Quality Issue,785,UK,GB,-0.14398098,50.82351894
FB001760,Bottoms,Mango,Winter,L,Pink,115.57,16.1,96.96,8/6/2025,32,3.1,TRUE,Size Issue,163,UK,GB,-0.142143667,51.51533776
FB001761,Accessories,Banana Republic,Spring,,Blue,66.62,0,66.62,10/27/2024,37,,FALSE,,341,UK,GB,-1.09017849,50.80034761
FB001762,Dresses,Banana Republic,Spring,XS,Purple,60.37,23.1,46.42,3/14/2025,30,4.8,FALSE,,278,UK,GB,-2.110276222,52.4821007
FB001763,Shoes,H&M,Winter,M,Blue,83.2,57.1,35.69,8/6/2025,10,3.3,FALSE,,326,UK,GB,-0.891941786,52.2384541
FB001764,Outerwear,Uniqlo,Summer,S,Navy,204.47,3.6,197.11,8/6/2025,26,,FALSE,,927,UK,GB,-1.148489714,52.9509521
FB001765,Accessories,Mango,Fall,,Purple,52.73,0,52.73,8/6/2025,42,,FALSE,,493,UK,GB,-1.085586548,51.26588919
FB001766,Bottoms,Forever21,Fall,XXL,Beige,61.1,0,61.1,8/6/2025,30,4.6,FALSE,,437,UK,GB,0.18291,51.5775
FB001767,Outerwear,Zara,Summer,S,Gray,227.92,0,227.92,8/6/2025,34,,FALSE,,315,UK,GB,1.287589073,52.62592569
FB001768,Dresses,H&M,Fall,L,Blue,111.55,0,111.55,8/6/2025,14,,FALSE,,194,UK,GB,-0.339074135,51.5811499
FB001769,Bottoms,Forever21,Fall,XS,Pink,29.09,29.6,20.48,8/6/2025,25,4.8,FALSE,,366,UK,GB,-1.545081139,53.79791341
FB001770,Dresses,H&M,Fall,M,Pink,179.71,0,179.71,8/6/2025,9,3.9,FALSE,,553,UK,GB,-2.599725723,51.52885088
FB001771,Accessories,H&M,Summer,,Pink,52.76,39.4,31.97,8/6/2025,0,1.4,FALSE,,711,UK,GB,-2.34875679,53.46577385
FB001772,Accessories,Uniqlo,Spring,,Green,67.9,0,67.9,12/31/2024,1,1.3,FALSE,,360,UK,GB,-0.972118378,51.4529372
FB001773,Accessories,Uniqlo,Fall,,Navy,46.77,40.8,27.69,8/6/2025,25,2.6,FALSE,,490,UK,GB,-1.40574,50.9036
FB001774,Tops,Uniqlo,Winter,XL,Navy,91.6,0,91.6,8/6/2025,6,2.7,FALSE,,978,UK,GB,-0.260195732,52.54256357
FB001775,Outerwear,Uniqlo,Spring,XS,Pink,230.39,4.2,220.71,10/15/2024,34,3.5,FALSE,,778,UK,GB,-0.205049515,51.42056669
FB001776,Outerwear,Ann Taylor,Fall,M,Blue,118.37,0,118.37,8/6/2025,45,,FALSE,,680,UK,GB,-0.757799149,52.04185391
FB001777,Shoes,Gap,Winter,M,Red,81.26,32.7,54.69,8/6/2025,2,3.3,FALSE,,697,UK,GB,-1.894905567,52.4772457
FB001778,Accessories,H&M,Fall,,Purple,57.21,18,46.91,8/6/2025,7,2.5,FALSE,,766,UK,GB,-2.975675,56.460689
FB001779,Dresses,Forever21,Summer,XL,Brown,74.53,0,74.53,8/6/2025,9,,FALSE,,229,UK,GB,-0.139861107,51.51576673
FB001780,Dresses,Banana Republic,Summer,M,Red,69.54,0,69.54,8/6/2025,40,3.2,TRUE,Size Issue,371,UK,GB,-1.411056519,53.41426416
FB001781,Dresses,Ann Taylor,Summer,XL,Brown,102.71,55.9,45.3,8/6/2025,31,4.6,FALSE,,700,UK,GB,-3.529084325,50.72433484
FB001782,Shoes,Gap,Summer,L,Beige,117.82,0,117.82,8/6/2025,7,4.9,FALSE,,838,UK,GB,-0.476231575,51.54529419
FB001783,Accessories,Gap,Spring,,Purple,61.01,0,61.01,4/25/2025,30,3.4,FALSE,,611,UK,GB,-1.778696179,52.41266184
FB001784,Outerwear,Forever21,Winter,XL,Pink,222.01,0,222.01,8/6/2025,27,2.1,FALSE,,246,UK,GB,-1.514707804,52.40793663
FB001785,Outerwear,H&M,Summer,L,Brown,123.55,0,123.55,8/6/2025,28,1.2,FALSE,,155,UK,GB,-1.384277344,54.90580538
FB001786,Accessories,Zara,Fall,,Black,24.65,0,24.65,8/6/2025,43,1.1,FALSE,,215,UK,GB,-2.701263428,53.75845445
FB001787,Outerwear,Banana Republic,Fall,XXL,Navy,168.8,0,168.8,8/6/2025,1,1,FALSE,,723,UK,GB,0.474176,51.7329306
FB001788,Tops,Gap,Fall,S,Green,39.16,40.1,23.46,8/6/2025,4,2.8,FALSE,,228,UK,GB,-0.191960335,51.50138985
FB001789,Bottoms,H&M,Fall,,Brown,74.76,0,74.76,8/6/2025,50,4.4,TRUE,Color Mismatch,671,UK,GB,-4.219522476,57.47954971
FB001790,Accessories,Gap,Winter,,Navy,37,0,37,8/6/2025,5,4.9,FALSE,,756,UK,GB,-2.243501544,53.48299265
FB001791,Accessories,Mango,Winter,,Black,67.38,0,67.38,8/6/2025,15,1.6,FALSE,,368,UK,GB,-2.244539559,51.86429372
FB001792,Bottoms,H&M,Summer,XS,White,77.44,1.4,76.36,8/6/2025,18,3.3,FALSE,,571,UK,GB,0.519291759,51.27494092
FB001793,Outerwear,H&M,Summer,XS,Gray,215.06,0,215.06,8/6/2025,50,1.6,FALSE,,534,UK,GB,-0.1084,51.59451
FB001794,Outerwear,Banana Republic,Winter,XS,Gray,141.44,0,141.44,8/6/2025,34,2.4,FALSE,,176,UK,GB,-1.940803528,52.30559225
FB001795,Dresses,Ann Taylor,Spring,XXL,White,151.83,0,151.83,6/17/2025,24,4.3,TRUE,Wrong Item,513,UK,GB,-1.082839966,53.95830761
FB001796,Outerwear,Gap,Winter,XL,Gray,140.07,0,140.07,8/6/2025,23,2.7,FALSE,,686,UK,GB,-1.136956215,53.52308954
FB001797,Dresses,Mango,Summer,XXL,Pink,94.26,28.9,67.02,8/6/2025,44,3.6,FALSE,,836,UK,GB,-2.220198512,52.19000942
FB001798,Accessories,Ann Taylor,Winter,,Green,55.79,27.3,40.56,8/6/2025,39,4.9,FALSE,,216,UK,GB,-1.842425416,50.75371132
FB001799,Accessories,Gap,Winter,,Black,58.99,0,58.99,8/6/2025,50,2.7,FALSE,,114,UK,GB,-2.241640091,53.48288731
FB001800,Bottoms,Forever21,Summer,XXL,Purple,61.96,0,61.96,8/6/2025,13,3.9,FALSE,,812,UK,GB,-0.1936111,51.4547222
FB001801,Bottoms,Zara,Fall,L,Brown,104.25,0,104.25,8/6/2025,35,3.1,FALSE,,846,UK,GB,-1.667861938,54.95627932
FB001802,Outerwear,H&M,Winter,L,Gray,102.68,0,102.68,8/6/2025,18,1.9,FALSE,,329,UK,GB,1.0813272,51.27675643
FB001803,Dresses,Gap,Winter,XXL,Beige,131.05,32.6,88.33,8/6/2025,9,,FALSE,,754,UK,GB,-3.192794323,55.95280708
FB001804,Outerwear,Banana Republic,Spring,XS,Navy,139.73,54.3,63.86,3/27/2025,38,,TRUE,Changed Mind,707,UK,GB,-0.337421894,51.75105203
FB001805,Accessories,Forever21,Winter,,Navy,17.59,0,17.59,8/6/2025,14,,FALSE,,803,UK,GB,-0.10204196,51.37625417
FB001806,Shoes,Zara,Fall,L,Red,115.09,0,115.09,8/6/2025,10,2.5,FALSE,,316,UK,GB,-2.0981095,57.14464
FB001807,Accessories,Zara,Summer,,Black,73.75,0,73.75,8/6/2025,23,4.5,FALSE,,507,UK,GB,-0.611071587,51.48146308
FB001808,Accessories,Ann Taylor,Winter,,Navy,66.77,0,66.77,8/6/2025,28,5,TRUE,Size Issue,999,UK,GB,-2.628672123,53.54593037
FB001809,Tops,H&M,Fall,L,White,63.92,0,63.92,8/6/2025,10,4.4,FALSE,,214,UK,GB,-6.389326,54.448782
FB001810,Accessories,H&M,Fall,,Green,26.26,0,26.26,8/6/2025,27,,FALSE,,959,UK,GB,-1.4699628,53.381027
FB001811,Accessories,H&M,Spring,,White,62.58,8.8,57.07,11/6/2024,1,1.7,FALSE,,999,UK,GB,-0.472476482,51.74920551
FB001812,Shoes,Banana Republic,Summer,S,Green,143.88,0,143.88,8/6/2025,1,3.1,FALSE,,538,UK,GB,-0.224018097,51.57634944
FB001813,Outerwear,Zara,Spring,XL,Blue,226.24,1.2,223.53,2/20/2025,24,4.5,FALSE,,499,UK,GB,0.122201443,52.20491098
FB001814,Shoes,Gap,Spring,XXL,Black,164.75,0,164.75,5/2/2025,8,3.7,FALSE,,497,UK,GB,-5.925961,54.59842
FB001815,Bottoms,Zara,Summer,L,Navy,56.14,0,56.14,8/6/2025,16,4.3,FALSE,,557,UK,GB,-4.137210846,50.37256554
FB001816,Accessories,H&M,Winter,,Red,39.96,0,39.96,8/6/2025,49,,FALSE,,533,UK,GB,-1.292989,50.698722
FB001817,Bottoms,Ann Taylor,Summer,L,Navy,26.5,57.9,11.16,8/6/2025,8,1.7,FALSE,,186,UK,GB,-2.595391273,53.38989355
FB001818,Shoes,H&M,Spring,XXL,Brown,118.53,55,53.34,4/25/2025,2,4.9,FALSE,,955,UK,GB,-0.347678661,53.74557662
FB001819,Dresses,Mango,Summer,XL,Purple,58.08,0,58.08,8/6/2025,42,1.6,FALSE,,273,UK,GB,-2.5891252,51.4576925
FB001820,Shoes,H&M,Summer,S,Navy,138.85,15,118.02,8/6/2025,17,,FALSE,,468,UK,GB,-6.275381,54.868856
FB001821,Bottoms,Banana Republic,Summer,XS,Gray,73.33,0,73.33,8/6/2025,3,3.1,TRUE,Changed Mind,242,UK,GB,0.016533136,51.40387756
FB001822,Outerwear,Forever21,Winter,S,Green,167.73,0,167.73,8/6/2025,4,4.9,FALSE,,860,UK,GB,0.706375837,52.24797642
FB001823,Tops,H&M,Winter,XXL,Black,79.47,0,79.47,8/6/2025,31,3.7,FALSE,,649,UK,GB,-1.472275257,52.9189688
FB001824,Dresses,Forever21,Summer,XL,White,69.12,49.4,34.97,8/6/2025,45,2.3,FALSE,,973,UK,GB,-1.474227905,52.91933106
FB001825,Bottoms,Mango,Summer,S,Purple,56.18,6.7,52.42,8/6/2025,35,2.6,TRUE,Changed Mind,190,UK,GB,-0.141094923,51.51409756
FB001826,Tops,Gap,Winter,XS,Gray,51.28,48.3,26.51,8/6/2025,9,1.1,TRUE,Changed Mind,987,UK,GB,-0.220820904,51.50737354
FB001827,Outerwear,Gap,Spring,,Green,111.73,16.8,92.96,5/29/2025,41,1.2,FALSE,,252,UK,GB,-2.429802418,53.58106665
FB001828,Bottoms,Ann Taylor,Fall,XXL,Gray,49.08,19.9,39.31,8/6/2025,46,1,TRUE,Changed Mind,722,UK,GB,-0.7748217,50.8361389
FB001829,Shoes,Forever21,Winter,M,Pink,182.47,27.1,133.02,8/6/2025,40,,FALSE,,541,UK,GB,-4.34217453,55.82329741
FB001830,Outerwear,Forever21,Summer,XS,Purple,241.22,5.9,226.99,8/6/2025,13,1.2,FALSE,,191,UK,GB,1.1546624,52.0577257
FB001831,Dresses,Ann Taylor,Spring,XXL,Blue,78.3,0,78.3,3/14/2025,19,3,FALSE,,467,UK,GB,-2.115018368,53.54107884
FB001832,Shoes,Banana Republic,Winter,M,Purple,73.93,0,73.93,8/6/2025,0,,FALSE,,692,UK,GB,0.870097876,51.14879799
FB001833,Bottoms,H&M,Summer,XXL,Green,97.5,0,97.5,8/6/2025,43,1.6,FALSE,,210,UK,GB,-0.0837,51.6516
FB001834,Tops,Ann Taylor,Summer,XS,Green,38.9,0,38.9,8/6/2025,1,5,FALSE,,607,UK,GB,-1.138705015,52.63783557
FB001835,Shoes,Banana Republic,Summer,S,Blue,95.52,0,95.52,8/6/2025,47,3.9,FALSE,,709,UK,GB,-0.752263069,51.62916661
FB001836,Outerwear,Zara,Fall,M,Red,158.64,50.2,79,8/6/2025,7,3,TRUE,Changed Mind,226,UK,GB,-5.930855,54.6
FB001837,Tops,Mango,Fall,XL,Navy,26.11,0,26.11,8/6/2025,41,4.3,FALSE,,773,UK,GB,-2.359045744,51.37899985
FB001838,Shoes,Forever21,Spring,,White,107.09,43.1,60.93,2/14/2025,16,4.7,TRUE,Changed Mind,615,UK,GB,-1.478776932,53.66930727
FB001839,Accessories,Gap,Summer,,Black,71.42,38,44.28,8/6/2025,49,2.8,FALSE,,895,UK,GB,-2.359861148,51.37906341
FB001840,Shoes,Zara,Summer,XL,Red,124.56,0,124.56,8/6/2025,18,3,FALSE,,210,UK,GB,-2.350387573,53.38742373
FB001841,Bottoms,Uniqlo,Summer,L,Purple,30.91,0,30.91,8/6/2025,45,1.8,FALSE,,171,UK,GB,-1.573448181,53.75807388
FB001842,Tops,Zara,Winter,XS,Beige,53.37,0,53.37,8/6/2025,15,1.1,FALSE,,226,UK,GB,-0.083577633,51.65105912
FB001843,Shoes,Gap,Summer,XL,Green,159.16,0,159.16,8/6/2025,40,,TRUE,Changed Mind,872,UK,GB,-0.14637351,50.8238917
FB001844,Dresses,Mango,Fall,S,Pink,169.64,0,169.64,8/6/2025,5,1.6,FALSE,,619,UK,GB,-1.5357225,52.2914215
FB001845,Accessories,Gap,Summer,,Blue,59.94,0,59.94,8/6/2025,7,4,FALSE,,443,UK,GB,-0.101151466,51.37629436
FB001846,Dresses,Gap,Fall,XL,Purple,92.59,0,92.59,8/6/2025,29,3.5,TRUE,Size Issue,952,UK,GB,-2.073457539,51.90003646
FB001847,Bottoms,H&M,Spring,S,White,64.07,0,64.07,3/18/2025,10,,FALSE,,174,UK,GB,-0.303239822,51.51272212
FB001848,Dresses,Forever21,Fall,XS,Blue,127.87,54.6,58.05,8/6/2025,14,4.4,FALSE,,858,UK,GB,-0.0975737,51.5148013
FB001849,Bottoms,Banana Republic,Fall,M,Blue,32.46,12.9,28.27,8/6/2025,9,,FALSE,,101,UK,GB,-4.254401922,55.8573766
FB001850,Bottoms,H&M,Summer,XXL,Pink,40.31,43,22.98,8/6/2025,30,3.5,TRUE,Color Mismatch,749,UK,GB,-3.943523169,51.62021148
FB001851,Accessories,Ann Taylor,Winter,,Green,51.3,6.1,48.17,8/6/2025,31,,FALSE,,161,UK,GB,0.270924568,51.43959049
FB001852,Bottoms,Gap,Winter,XS,Pink,28.62,0,28.62,8/6/2025,41,4,FALSE,,510,UK,GB,-0.304752588,51.41194853
FB001853,Accessories,Gap,Fall,,Green,59.03,6.4,55.25,8/6/2025,45,,FALSE,,576,UK,GB,-0.747864246,51.33696626
FB001854,Tops,Ann Taylor,Summer,S,Brown,99.65,7.4,92.28,8/6/2025,31,3.8,FALSE,,836,UK,GB,-2.7516244,52.7094665
FB001855,Dresses,Forever21,Winter,,Blue,128.55,0,128.55,8/6/2025,1,3.7,FALSE,,663,UK,GB,-1.426227,53.234924
FB001856,Bottoms,Mango,Spring,L,Purple,78.09,56.3,34.13,4/23/2025,20,1.3,FALSE,,769,UK,GB,-0.370519,50.8103443
FB001857,Bottoms,Mango,Summer,XXL,Navy,108.89,0,108.89,8/6/2025,50,2.9,FALSE,,694,UK,GB,-1.332454383,52.06262157
FB001858,Bottoms,Ann Taylor,Spring,,Gray,35.21,14.7,30.03,12/23/2024,15,3.1,TRUE,Quality Issue,476,UK,GB,-1.82446003,52.56242111
FB001859,Dresses,Gap,Summer,XXL,Brown,129.16,34,85.25,8/6/2025,24,1.7,FALSE,,752,UK,GB,-0.114970207,51.46238988
FB001860,Dresses,Ann Taylor,Summer,S,Gray,142.43,0,142.43,8/6/2025,15,4.1,TRUE,Size Issue,950,UK,GB,0.146566629,51.45635349
FB001861,Accessories,Forever21,Spring,,Navy,45.19,0,45.19,2/28/2025,38,1.6,TRUE,Wrong Item,748,UK,GB,-0.560474396,51.31985772
FB001862,Bottoms,H&M,Fall,S,Purple,47.66,0,47.66,8/6/2025,0,4.8,TRUE,Size Issue,902,UK,GB,0.896624923,51.88853427
FB001863,Bottoms,Uniqlo,Summer,XS,Beige,115.05,40,69.03,8/6/2025,48,3.1,FALSE,,131,UK,GB,-0.204427242,51.42138293
FB001864,Bottoms,Banana Republic,Summer,XL,Brown,87.84,0,87.84,8/6/2025,29,1.3,FALSE,,269,UK,GB,-2.291636467,53.59551031
FB001865,Dresses,Forever21,Fall,S,Blue,73.42,35,47.72,8/6/2025,44,,FALSE,,419,UK,GB,-4.361143112,55.87290323
FB001866,Shoes,Gap,Fall,L,Navy,181.58,21.6,142.36,8/6/2025,14,4.7,FALSE,,215,UK,GB,-1.323144436,51.40417205
FB001867,Tops,H&M,Spring,L,Black,71.68,0,71.68,8/5/2025,0,1.5,FALSE,,421,UK,GB,-0.193687677,51.45543761
FB001868,Tops,Banana Republic,Winter,XXL,Beige,25.63,0,25.63,8/6/2025,27,1.2,FALSE,,612,UK,GB,-0.702009201,52.48624303
FB001869,Tops,Forever21,Winter,,Brown,31.34,48.5,16.14,8/6/2025,36,1.6,TRUE,Size Issue,995,UK,GB,-0.10676533,51.53422364
FB001870,Dresses,H&M,Fall,L,Beige,98.91,33.8,65.48,8/6/2025,33,,TRUE,Color Mismatch,212,UK,GB,0.094285011,51.76786645
FB001871,Accessories,Zara,Winter,,Red,43.33,7.8,39.95,8/6/2025,4,1.3,FALSE,,882,UK,GB,-2.482995987,53.74883768
FB001872,Shoes,Gap,Summer,M,Black,70.71,0,70.71,8/6/2025,8,2.3,FALSE,,334,UK,GB,-1.274060011,54.55690557
FB001873,Outerwear,H&M,Winter,S,Purple,215.99,38.1,133.7,8/6/2025,14,3.9,FALSE,,729,UK,GB,-4.136266708,55.87285507
FB001874,Dresses,Banana Republic,Winter,XL,Green,145.57,5.1,138.15,8/6/2025,8,4.4,FALSE,,194,UK,GB,-2.798295021,56.3404017
FB001875,Shoes,Banana Republic,Fall,XS,Navy,195.03,0,195.03,8/6/2025,44,4.4,FALSE,,407,UK,GB,-0.509362221,51.4335444
FB001876,Bottoms,Ann Taylor,Winter,XS,Black,74.88,9.7,67.62,8/6/2025,23,2.6,FALSE,,526,UK,GB,0.079058555,51.51747187
FB001877,Tops,Gap,Spring,L,Pink,50.3,0,50.3,8/18/2024,23,1.3,FALSE,,977,UK,GB,-0.216080394,51.46335482
FB001878,Outerwear,Ann Taylor,Summer,XXL,Red,130.65,0,130.65,8/6/2025,20,2.6,FALSE,,250,UK,GB,-6.340430975,54.16959125
FB001879,Dresses,Forever21,Spring,XXL,Green,94.56,40.3,56.45,6/14/2025,41,4.7,FALSE,,988,UK,GB,-0.2149375,51.4701077
FB001880,Outerwear,Uniqlo,Spring,S,Brown,138.98,10.2,124.8,7/22/2025,36,1.4,FALSE,,909,UK,GB,-2.8861312,53.2646927
FB001881,Accessories,H&M,Winter,,Green,52.57,0,52.57,8/6/2025,50,2.5,TRUE,Damaged,940,UK,GB,-2.878417969,53.35009021
FB001882,Outerwear,H&M,Spring,,White,151.62,0,151.62,7/11/2025,41,3.5,FALSE,,573,UK,GB,0.133166313,52.20698865
FB001883,Accessories,Uniqlo,Spring,,Blue,26.7,0,26.7,5/27/2025,48,3.1,FALSE,,597,UK,GB,-0.202560425,51.90355985
FB001884,Outerwear,Ann Taylor,Summer,S,Brown,147.5,0,147.5,8/6/2025,4,2.4,FALSE,,533,UK,GB,-0.81281662,51.81580493
FB001885,Tops,Mango,Fall,S,Navy,66,2.7,64.22,8/6/2025,42,4.4,FALSE,,748,UK,GB,-1.24068,50.880939
FB001886,Outerwear,Zara,Fall,XS,Red,183.6,0,183.6,8/6/2025,10,,FALSE,,940,UK,GB,-0.3049537,51.460462
FB001887,Shoes,Uniqlo,Summer,L,Blue,195.83,0,195.83,8/6/2025,14,2.1,FALSE,,963,UK,GB,-0.736255646,52.01024599
FB001888,Bottoms,Ann Taylor,Winter,S,Beige,75.53,58.1,31.65,8/6/2025,33,4,FALSE,,996,UK,GB,-1.669278145,54.95672288
FB001889,Tops,Mango,Spring,XL,Beige,30.78,0,30.78,6/13/2025,28,3.9,FALSE,,745,UK,GB,-7.318506,54.995134
FB001890,Shoes,Banana Republic,Winter,L,White,150.96,0,150.96,8/6/2025,18,4.6,FALSE,,140,UK,GB,-0.416171551,51.87996819
FB001891,Bottoms,Forever21,Summer,L,Black,58.98,18.1,48.3,8/6/2025,23,2.8,FALSE,,845,UK,GB,0.713671446,51.53551167
FB001892,Outerwear,Forever21,Spring,L,Purple,224.91,18.9,182.4,9/19/2024,50,,FALSE,,493,UK,GB,-2.6980919,53.7585044
FB001893,Outerwear,Banana Republic,Spring,XL,Brown,155.75,0,155.75,3/25/2025,0,2.4,FALSE,,916,UK,GB,1.3062815,52.6237916
FB001894,Shoes,H&M,Winter,XL,Blue,194.4,16.2,162.91,8/6/2025,36,1.5,FALSE,,511,UK,GB,-1.7961805,51.0676069
FB001895,Shoes,Banana Republic,Fall,L,Red,169.77,0,169.77,8/6/2025,39,4.4,FALSE,,111,UK,GB,-2.9757088,53.3408408
FB001896,Accessories,Uniqlo,Winter,,Blue,41.52,27.3,30.19,8/6/2025,48,3.4,FALSE,,551,UK,GB,-0.226417225,51.4928809
FB001897,Bottoms,Uniqlo,Winter,S,Green,29.5,0,29.5,8/6/2025,36,2.6,FALSE,,535,UK,GB,-4.183125,55.760032
FB001898,Outerwear,Banana Republic,Spring,S,Gray,224.47,2.7,218.41,1/27/2025,15,3.5,FALSE,,682,UK,GB,-5.909734,54.563741
FB001899,Bottoms,Forever21,Summer,S,Gray,101.45,7.8,93.54,8/6/2025,4,1.1,FALSE,,839,UK,GB,-2.974347643,53.17015945
FB001900,Shoes,Banana Republic,Spring,XXL,Red,84.65,0,84.65,7/26/2025,49,3.6,FALSE,,845,UK,GB,-1.702365875,52.62701979
FB001901,Outerwear,Ann Taylor,Summer,S,Beige,155.85,0,155.85,8/6/2025,38,,FALSE,,235,UK,GB,0.581131788,50.85752013
FB001902,Tops,Zara,Winter,XL,Blue,89.62,0,89.62,8/6/2025,0,4.6,TRUE,Color Mismatch,881,UK,GB,0.0725815,51.5591636
FB001903,Tops,Gap,Summer,L,Green,62.79,37.7,39.12,8/6/2025,5,2.6,FALSE,,950,UK,GB,-3.188674696,55.95509002
FB001904,Bottoms,Gap,Summer,XL,Beige,84.72,24.2,64.22,8/6/2025,44,,TRUE,Color Mismatch,962,UK,GB,-1.492638588,55.011132
FB001905,Tops,Mango,Fall,XL,Pink,50.9,0,50.9,8/6/2025,1,1.8,FALSE,,455,UK,GB,-1.212912123,54.68424276
FB001906,Accessories,Zara,Winter,,Pink,31.23,0,31.23,8/6/2025,25,2.8,FALSE,,297,UK,GB,-2.736944904,53.45196602
FB001907,Tops,Zara,Spring,XXL,Red,105.1,0,105.1,8/28/2024,39,4.4,FALSE,,433,UK,GB,-0.419257238,53.83900671
FB001908,Dresses,Forever21,Summer,XS,Brown,160.38,0,160.38,8/6/2025,27,2.7,TRUE,Wrong Item,374,UK,GB,-0.2023786,51.9029445
FB001909,Bottoms,Uniqlo,Spring,XS,Pink,96.68,26,71.54,9/21/2024,16,,FALSE,,842,UK,GB,0.285150497,50.76941924
FB001910,Accessories,Forever21,Summer,,Beige,16.64,0,16.64,8/6/2025,8,4.8,FALSE,,886,UK,GB,0.397403951,52.75392661
FB001911,Outerwear,Ann Taylor,Fall,S,Beige,160.05,53.7,74.1,8/6/2025,2,3.2,TRUE,Quality Issue,499,UK,GB,-0.330059323,51.06357801
FB001912,Accessories,Mango,Fall,,Gray,23.56,0,23.56,8/6/2025,16,4.4,FALSE,,928,UK,GB,-0.539141336,53.2287934
FB001913,Shoes,Zara,Fall,XS,Black,68.37,24.2,51.82,8/6/2025,8,3.7,FALSE,,199,UK,GB,-0.75646909,51.41443409
FB001914,Outerwear,Mango,Fall,S,Green,184.24,0,184.24,8/6/2025,49,4,FALSE,,409,UK,GB,-2.0120258,52.5370388
FB001915,Shoes,Banana Republic,Spring,XS,Green,94.83,0,94.83,9/8/2024,23,2.9,FALSE,,867,UK,GB,-0.36446601,51.46770257
FB001916,Tops,Ann Taylor,Summer,M,Pink,115.58,0,115.58,8/6/2025,37,2.2,FALSE,,964,UK,GB,-0.304455,51.4118642
FB001917,Outerwear,Zara,Winter,XXL,Green,116.29,58.7,48.03,8/6/2025,34,3.3,FALSE,,830,UK,GB,-2.719053176,52.05835067
FB001918,Accessories,Banana Republic,Summer,,Green,24.55,0,24.55,8/6/2025,43,2.3,FALSE,,370,UK,GB,-0.169708339,51.23973192
FB001919,Dresses,Zara,Spring,,Navy,81.56,0,81.56,1/9/2025,28,3,FALSE,,117,UK,GB,-2.629728022,50.94174913
FB001920,Outerwear,Banana Republic,Spring,M,White,234.63,0,234.63,2/7/2025,30,4.3,FALSE,,325,UK,GB,-2.1757727,53.0278872
FB001921,Accessories,Zara,Fall,,White,27.6,0,27.6,8/6/2025,33,2.8,FALSE,,465,UK,GB,-1.78409049,51.56241947
FB001922,Tops,Ann Taylor,Fall,XS,Gray,114.76,24.3,86.87,8/6/2025,10,3.4,FALSE,,306,UK,GB,0.160044586,51.87089164
FB001923,Shoes,Zara,Spring,S,Green,133.52,0,133.52,10/4/2024,32,,FALSE,,746,UK,GB,-0.7225801,51.5210819
FB001924,Tops,Banana Republic,Winter,XS,Blue,64.34,59.3,26.19,8/6/2025,34,1.2,FALSE,,250,UK,GB,-2.113332205,52.80530505
FB001925,Bottoms,Forever21,Fall,L,Purple,117.81,0,117.81,8/6/2025,22,4.9,FALSE,,163,UK,GB,-2.992864788,51.58595827
FB001926,Accessories,Ann Taylor,Spring,,Blue,29.19,0,29.19,3/15/2025,20,1.9,FALSE,,198,UK,GB,-3.174985248,51.47962057
FB001927,Tops,Uniqlo,Fall,M,Purple,34.72,0,34.72,8/6/2025,7,,FALSE,,799,UK,GB,-2.127961693,52.58473062
FB001928,Dresses,Gap,Fall,XL,Gray,107.49,0,107.49,8/6/2025,49,3.3,FALSE,,297,UK,GB,-3.177968717,55.98067999
FB001929,Bottoms,Uniqlo,Winter,XXL,Blue,38.7,0,38.7,8/6/2025,11,4,FALSE,,113,UK,GB,-0.621305688,52.30140845
FB001930,Outerwear,Ann Taylor,Spring,XS,Brown,152.64,0,152.64,4/5/2025,19,4.1,FALSE,,257,UK,GB,-1.2586832,52.3886653
FB001931,Outerwear,Mango,Fall,XS,Purple,181.66,56.4,79.2,8/6/2025,43,1.2,FALSE,,129,UK,GB,-0.2045717,51.801207
FB001932,Tops,Uniqlo,Spring,XL,Green,114.8,17.4,94.82,5/17/2025,4,1.8,FALSE,,488,UK,GB,-1.98098236,50.71825631
FB001933,Shoes,Uniqlo,Winter,XXL,Green,102.95,0,102.95,8/6/2025,38,3.8,FALSE,,547,UK,GB,0.071712702,51.55995416
FB001934,Tops,Forever21,Winter,XXL,Green,86.82,0,86.82,8/6/2025,0,4.8,FALSE,,449,UK,GB,-1.353037209,50.96699281
FB001935,Outerwear,H&M,Summer,L,Red,83.68,28.1,60.17,8/6/2025,46,,TRUE,Quality Issue,804,UK,GB,-0.2443624,52.0743545
FB001936,Outerwear,Banana Republic,Fall,S,Pink,167.31,50.7,82.48,8/6/2025,9,3.2,FALSE,,859,UK,GB,-1.750558582,53.79496666
FB001937,Bottoms,H&M,Fall,XS,Gray,114.64,5.1,108.79,8/6/2025,21,2,FALSE,,890,UK,GB,-1.343772515,53.44398692
FB001938,Outerwear,H&M,Spring,XXL,White,109.53,29.3,77.44,11/2/2024,35,1.3,FALSE,,261,UK,GB,-1.0774285,53.9221573
FB001939,Accessories,Ann Taylor,Summer,,Beige,51.02,57.9,21.48,8/6/2025,36,,FALSE,,160,UK,GB,-1.260923493,51.75074564
FB001940,Shoes,H&M,Fall,M,Green,77.45,52.8,36.56,8/6/2025,6,2.7,FALSE,,209,UK,GB,-1.573736926,54.77673515
FB001941,Shoes,Ann Taylor,Fall,XS,White,142.87,45.4,78.01,8/6/2025,20,1.7,FALSE,,666,UK,GB,-1.890401,52.486243
FB001942,Outerwear,Banana Republic,Winter,XS,White,138.87,0,138.87,8/6/2025,37,3.2,FALSE,,739,UK,GB,-0.393238243,51.65482499
FB001943,Shoes,Ann Taylor,Spring,S,Red,132.82,0,132.82,3/17/2025,40,,TRUE,Changed Mind,312,UK,GB,-1.38874547,53.50671353
FB001944,Shoes,H&M,Summer,L,Navy,110.54,0,110.54,8/6/2025,24,,TRUE,Size Issue,656,UK,GB,-1.424773105,53.80018512
FB001945,Bottoms,Zara,Summer,XL,Beige,29.07,0,29.07,8/6/2025,41,2.8,FALSE,,909,UK,GB,-0.125247752,51.51320694
FB001946,Outerwear,Gap,Summer,S,Navy,141.92,0,141.92,8/6/2025,37,1.7,FALSE,,712,UK,GB,-0.244993096,52.57393254
FB001947,Shoes,Banana Republic,Summer,XL,Red,67.84,0,67.84,8/6/2025,24,1.2,FALSE,,391,UK,GB,-3.381646,51.74873
FB001948,Shoes,Mango,Winter,S,Brown,143.27,0,143.27,8/6/2025,0,,FALSE,,856,UK,GB,-1.237004,51.607459
FB001949,Accessories,Banana Republic,Winter,,Brown,20.97,0,20.97,8/6/2025,44,4.6,FALSE,,324,UK,GB,-4.253533343,55.86274689
FB001950,Dresses,Zara,Summer,XL,Purple,105.5,59.8,42.41,8/6/2025,34,,FALSE,,690,UK,GB,-1.471715783,53.37768586
FB001951,Shoes,Banana Republic,Spring,XXL,Green,184.7,0,184.7,9/19/2024,39,2.1,TRUE,Size Issue,409,UK,GB,-0.202903068,51.65564941
FB001952,Shoes,H&M,Spring,XS,Blue,81.47,32,55.4,9/1/2024,2,1.1,FALSE,,772,UK,GB,-2.445258,52.678419
FB001953,Outerwear,Banana Republic,Winter,L,Blue,107.67,20.3,85.81,8/6/2025,16,4.3,FALSE,,594,UK,GB,-0.4055,51.5167
FB001954,Tops,Banana Republic,Summer,XL,Purple,88.64,0,88.64,8/6/2025,33,,FALSE,,192,UK,GB,-2.154640878,53.6176312
FB001955,Accessories,Zara,Winter,,Red,17.5,14.4,14.98,8/6/2025,16,3.1,FALSE,,513,UK,GB,-0.727083993,52.40129066
FB001956,Outerwear,H&M,Winter,XL,Gray,205.37,0,205.37,8/6/2025,25,2,TRUE,Damaged,504,UK,GB,0.279069788,51.4867421
FB001957,Dresses,Mango,Winter,XS,Beige,111.66,0,111.66,8/6/2025,26,1.4,FALSE,,843,UK,GB,-0.004247939,51.54441085
FB001958,Shoes,Mango,Summer,S,Pink,184.87,56.4,80.6,8/6/2025,10,3.7,FALSE,,224,UK,GB,-1.1397592,52.6368778
FB001959,Bottoms,Zara,Spring,L,Green,84.58,0,84.58,1/17/2025,33,4.5,FALSE,,683,UK,GB,-0.193961,51.3614279
FB001960,Bottoms,Forever21,Summer,XXL,White,66.74,0,66.74,8/6/2025,26,4.6,FALSE,,735,UK,GB,-1.6371359,52.8140281
FB001961,Shoes,H&M,Summer,M,Green,104.19,0,104.19,8/6/2025,4,4.7,FALSE,,211,UK,GB,-2.514698872,53.26255661
FB001962,Outerwear,Uniqlo,Summer,M,Green,216.73,0,216.73,8/6/2025,5,2.7,TRUE,Wrong Item,762,UK,GB,-2.926093052,53.40991192
FB001963,Dresses,Mango,Summer,XXL,Beige,87.82,0,87.82,8/6/2025,24,4.2,FALSE,,974,UK,GB,-2.9915726,53.4083714
FB001964,Shoes,Zara,Summer,L,Green,81.59,0,81.59,8/6/2025,5,2.5,FALSE,,351,UK,GB,-3.511851268,55.88428033
FB001965,Outerwear,Gap,Summer,,Blue,93.14,32.8,62.59,8/6/2025,45,4.5,FALSE,,449,UK,GB,-0.012129753,51.46263877
FB001966,Bottoms,Gap,Spring,XS,Gray,96.73,0,96.73,11/9/2024,18,4.8,FALSE,,455,UK,GB,-0.337682008,51.58181239
FB001967,Accessories,Forever21,Winter,,Blue,19.34,0,19.34,8/6/2025,19,,FALSE,,935,UK,GB,-1.615,54.9751
FB001968,Shoes,Zara,Spring,S,Red,113.88,31.1,78.46,6/10/2025,22,3.1,FALSE,,529,UK,GB,-0.221235961,51.50848277
FB001969,Dresses,Zara,Spring,XL,Navy,90.32,0,90.32,3/26/2025,41,2.8,FALSE,,604,UK,GB,-0.140561368,51.51325917
FB001970,Tops,Banana Republic,Summer,L,Gray,38.12,0,38.12,8/6/2025,44,,FALSE,,983,UK,GB,-0.102418,51.538847
FB001971,Shoes,Banana Republic,Summer,S,Blue,175.31,0,175.31,8/6/2025,13,,FALSE,,396,UK,GB,-1.896096,52.478812
FB001972,Dresses,Zara,Spring,L,Red,171.92,0,171.92,6/8/2025,12,1.3,FALSE,,821,Georgia,GE,44.80024725,41.69470181
FB001973,Accessories,Gap,Summer,,Blue,35.6,0,35.6,8/6/2025,24,3.1,FALSE,,986,Georgia,GE,44.89930385,41.68941694
FB001974,Bottoms,H&M,Summer,M,Navy,81.7,0,81.7,8/6/2025,33,,TRUE,Wrong Item,309,Georgia,GE,44.73838998,41.72337009
FB001975,Bottoms,Banana Republic,Summer,,Purple,29.7,0,29.7,8/6/2025,16,2.7,FALSE,,566,Greece,GR,23.72982502,37.98243067
FB001976,Outerwear,Mango,Winter,S,Brown,239.65,0,239.65,8/6/2025,27,2.9,FALSE,,327,Greece,GR,23.79625797,38.03504482
FB001977,Tops,H&M,Fall,M,Red,90.41,0,90.41,8/6/2025,11,,FALSE,,380,Greece,GR,23.70390415,37.97140261
FB001978,Dresses,Ann Taylor,Winter,XL,White,81.78,10,73.6,8/6/2025,24,1.2,FALSE,,113,Greece,GR,22.94267178,40.6327145
FB001979,Outerwear,Forever21,Winter,L,Black,142.55,0,142.55,8/6/2025,21,4.5,FALSE,,415,Greece,GR,23.80046368,38.0217934
FB001980,Dresses,Gap,Fall,S,Black,53.13,0,53.13,8/6/2025,5,4.6,FALSE,,864,Greece,GR,28.22366238,36.44915407
FB001981,Bottoms,Forever21,Summer,L,Navy,80.81,0,80.81,8/6/2025,15,4.6,FALSE,,567,Greece,GR,23.74055386,37.94006848
FB001982,Tops,Uniqlo,Fall,M,Navy,89.39,0,89.39,8/6/2025,33,4.2,FALSE,,417,Greece,GR,23.67965698,37.98043492
FB001983,Bottoms,Mango,Summer,S,Blue,37.9,37.9,23.54,8/6/2025,34,1.3,FALSE,,394,Greece,GR,25.39292336,41.12549781
FB001984,Accessories,Mango,Spring,,Brown,44.49,0,44.49,6/27/2025,34,2.1,FALSE,,547,Greece,GR,20.84950268,39.66520693
FB001985,Tops,Mango,Summer,L,Beige,111.7,0,111.7,8/6/2025,2,,TRUE,Size Issue,796,Greece,GR,23.7904644,38.04474523
FB001986,Tops,H&M,Spring,L,Navy,109.76,0,109.76,1/12/2025,23,2,TRUE,Quality Issue,834,Greece,GR,23.79570007,38.03504482
FB001987,Accessories,Uniqlo,Fall,,Navy,33,0,33,8/6/2025,50,4,FALSE,,730,Greece,GR,23.728441,37.97640096
FB001988,Shoes,Ann Taylor,Winter,M,Green,150.65,8.9,137.24,8/6/2025,43,3.4,FALSE,,415,Greece,GR,23.7554884,38.04442416
FB001989,Bottoms,Zara,Fall,S,Green,66.34,19,53.74,8/6/2025,42,1.9,FALSE,,702,Greece,GR,23.91232789,37.98485763
FB001990,Bottoms,Gap,Spring,M,Pink,27.89,17.4,23.04,9/6/2024,43,2.1,FALSE,,746,Greece,GR,23.703984,37.9572167
FB001991,Accessories,Uniqlo,Summer,,Gray,60.18,0,60.18,8/6/2025,36,1.4,FALSE,,278,Greece,GR,23.7400169,37.9780969
FB001992,Tops,Zara,Fall,XL,Red,54.26,18.4,44.28,8/6/2025,29,2.6,FALSE,,284,Greece,GR,21.7359427,38.2484805
FB001993,Shoes,Uniqlo,Spring,S,Red,78.44,0,78.44,9/20/2024,42,,TRUE,Quality Issue,807,Greece,GR,23.64555001,37.94366446
FB001994,Outerwear,H&M,Fall,XS,Black,183.05,0,183.05,8/6/2025,4,4.6,FALSE,,572,Greece,GR,24.92282867,41.1106581
FB001995,Shoes,Uniqlo,Spring,M,Gray,76.3,0,76.3,7/3/2025,35,2.6,FALSE,,940,Greece,GR,23.7546558,37.85994164
FB001996,Tops,Zara,Spring,XS,Purple,84.21,0,84.21,1/15/2025,43,3.4,FALSE,,505,Greece,GR,22.9404675,40.6341359
FB001997,Accessories,Ann Taylor,Spring,,Gray,77.34,0,77.34,1/10/2025,27,,FALSE,,196,Greece,GR,21.73568845,38.24823272
FB001998,Dresses,Zara,Spring,S,Navy,122.82,45.4,67.06,8/30/2024,9,3.1,FALSE,,648,Greece,GR,20.87245769,39.5499687
FB001999,Dresses,Mango,Winter,XXL,Blue,103.85,0,103.85,8/6/2025,26,3.1,FALSE,,372,Greece,GR,22.9482689,39.3606549
FB002000,Bottoms,H&M,Fall,XXL,Red,117.73,41.3,69.11,8/6/2025,8,,FALSE,,958,Greece,GR,22.99326897,40.55567833
FB002001,Dresses,Forever21,Fall,XL,Green,115.98,0,115.98,8/6/2025,42,3.7,FALSE,,230,Greece,GR,22.1113358,37.0404608
FB002002,Dresses,Zara,Fall,L,Navy,175.43,0,175.43,8/6/2025,3,1.8,TRUE,Color Mismatch,247,Greece,GR,24.02168983,35.51344288
FB002003,Outerwear,Gap,Spring,S,Green,162.81,0,162.81,1/10/2025,40,2.1,FALSE,,127,Greece,GR,25.13399917,35.34050369
FB002004,Dresses,Uniqlo,Spring,L,Purple,146.68,0,146.68,8/7/2024,8,,FALSE,,129,Greece,GR,23.73245149,37.97582616
FB002005,Dresses,H&M,Fall,L,Pink,82.9,42.2,47.92,8/6/2025,4,2.1,FALSE,,723,Greece,GR,22.87478036,37.93173472
FB002006,Tops,Zara,Fall,XS,White,92.9,0,92.9,8/6/2025,30,,FALSE,,731,Greece,GR,22.20396093,40.52290953
FB002007,Dresses,Banana Republic,Winter,XXL,Blue,133.89,5.7,126.26,8/6/2025,17,3.4,TRUE,Size Issue,520,Greece,GR,22.41979059,39.63781613
FB002008,Dresses,Ann Taylor,Winter,XXL,Beige,89.1,0,89.1,8/6/2025,8,2.2,FALSE,,873,Greece,GR,23.82259629,38.01225109
FB002009,Outerwear,Banana Republic,Winter,XL,Beige,175.62,3.2,170,8/6/2025,46,,FALSE,,770,Greece,GR,21.40946465,38.62520951
FB002010,Dresses,H&M,Summer,L,Black,154.02,0,154.02,8/6/2025,21,3.3,FALSE,,480,Hong Kong SAR,HK,114.174584,22.337418
FB002011,Outerwear,Zara,Fall,S,Beige,215.1,0,215.1,8/6/2025,16,2.5,FALSE,,106,Hong Kong SAR,HK,114.216013,22.28433128
FB002012,Tops,Ann Taylor,Fall,M,Brown,40.28,0,40.28,8/6/2025,35,3.8,FALSE,,388,Hong Kong SAR,HK,114.1692352,22.29715707
FB002013,Accessories,Forever21,Fall,,Gray,25.95,18.8,21.07,8/6/2025,1,4,FALSE,,337,Hong Kong SAR,HK,114.202047,22.340633
FB002014,Accessories,Uniqlo,Fall,,Navy,21.26,50.7,10.48,8/6/2025,39,4.3,FALSE,,752,Hong Kong SAR,HK,114.208168,22.319595
FB002015,Dresses,Zara,Spring,XS,Blue,146.07,0,146.07,7/9/2025,33,3.7,FALSE,,582,Hong Kong SAR,HK,114.1887724,22.38121027
FB002016,Dresses,Ann Taylor,Spring,S,Gray,135.97,0,135.97,9/10/2024,30,1.1,FALSE,,984,Hong Kong SAR,HK,114.258101,22.323265
FB002017,Shoes,Zara,Spring,L,Green,84.88,7.4,78.6,3/26/2025,42,3.4,FALSE,,211,Hong Kong SAR,HK,114.110978,22.370739
FB002018,Shoes,H&M,Winter,XS,Beige,159.25,5.5,150.49,8/6/2025,8,,FALSE,,442,Hong Kong SAR,HK,114.2252,22.3124
FB002019,Bottoms,Ann Taylor,Winter,M,Brown,84.29,0,84.29,8/6/2025,4,2.8,FALSE,,755,Hong Kong SAR,HK,114.18595,22.280487
FB002020,Accessories,Forever21,Winter,,Red,38.86,0,38.86,8/6/2025,44,,FALSE,,367,Hong Kong SAR,HK,114.209756,22.218131
FB002021,Tops,Banana Republic,Summer,M,Blue,38.72,0,38.72,8/6/2025,35,4,FALSE,,895,Hong Kong SAR,HK,114.112176,22.375348
FB002022,Dresses,Zara,Winter,XS,Black,177.1,0,177.1,8/6/2025,49,1.6,FALSE,,193,Croatia,HR,15.97373486,45.81242462
FB002023,Bottoms,Forever21,Spring,XS,Gray,31.49,0,31.49,10/19/2024,28,,FALSE,,736,Croatia,HR,15.93923092,45.77120503
FB002024,Tops,Uniqlo,Summer,,Pink,118.14,0,118.14,8/6/2025,33,2.4,FALSE,,650,Croatia,HR,15.8846426,45.7993364
FB002025,Tops,Gap,Spring,S,Green,26.51,24,20.15,5/24/2025,1,4.7,FALSE,,371,Croatia,HR,16.5030098,43.51354522
FB002026,Tops,Forever21,Fall,L,Blue,29.61,0,29.61,8/6/2025,9,1,FALSE,,487,Croatia,HR,15.26940823,44.11720054
FB002027,Outerwear,Ann Taylor,Summer,S,Gray,244.13,0,244.13,8/6/2025,2,3.5,TRUE,Size Issue,102,Croatia,HR,15.82653522,45.87124618
FB002028,Accessories,Gap,Spring,,White,16.54,0,16.54,4/26/2025,30,,FALSE,,746,Croatia,HR,18.63826275,45.55414802
FB002029,Tops,Zara,Fall,S,White,100.98,0,100.98,8/6/2025,41,,FALSE,,976,Croatia,HR,14.40998554,45.33763708
FB002030,Outerwear,Uniqlo,Winter,,Gray,175.42,0,175.42,8/6/2025,5,3.6,FALSE,,412,Croatia,HR,16.05075225,45.80116589
FB002031,Dresses,Ann Taylor,Spring,XXL,Pink,133.15,20.3,106.12,6/3/2025,9,3.2,FALSE,,116,Croatia,HR,17.99758186,45.15994428
FB002032,Dresses,Uniqlo,Fall,,Pink,94.21,44.7,52.1,8/6/2025,48,4.3,FALSE,,233,Croatia,HR,15.91339426,43.71245293
FB002033,Tops,Forever21,Winter,M,Pink,115.44,0,115.44,8/6/2025,21,1.2,FALSE,,223,Croatia,HR,16.3751253,46.264961
FB002034,Outerwear,Zara,Spring,S,White,194.39,26.5,142.88,4/15/2025,12,1.2,FALSE,,391,Croatia,HR,18.19183899,42.62422827
FB002035,Shoes,Banana Republic,Spring,L,White,132.39,27.6,95.85,10/31/2024,16,,FALSE,,737,Croatia,HR,16.48319467,43.51759371
FB002036,Accessories,Uniqlo,Spring,,Red,52.54,14.6,44.87,9/17/2024,7,1.4,FALSE,,441,Croatia,HR,13.82498987,44.86019164
FB002037,Dresses,Uniqlo,Spring,XL,Black,165.01,41.2,97.03,10/19/2024,22,,FALSE,,646,Croatia,HR,15.97906503,45.77699588
FB002038,Accessories,Ann Taylor,Spring,,Purple,42.94,34.3,28.21,12/22/2024,41,,FALSE,,769,Hungary,HU,19.137332,47.502423
FB002039,Tops,Uniqlo,Fall,XL,Beige,72.78,0,72.78,8/6/2025,49,3.1,FALSE,,833,Hungary,HU,17.6446867,47.68942806
FB002040,Shoes,Uniqlo,Fall,S,Red,189.32,0,189.32,8/6/2025,35,2.5,FALSE,,338,Hungary,HU,19.01613235,47.40633715
FB002041,Dresses,Ann Taylor,Summer,XL,White,157,55.7,69.55,8/6/2025,6,2.1,FALSE,,963,Hungary,HU,19.091218,47.498065
FB002042,Tops,Gap,Spring,S,Purple,28.73,26.4,21.15,10/10/2024,47,2.3,TRUE,Size Issue,402,Hungary,HU,21.577422,47.543326
FB002043,Outerwear,Forever21,Winter,L,Gray,144.64,0,144.64,8/6/2025,0,4.5,FALSE,,570,Hungary,HU,21.62923694,47.53269743
FB002044,Shoes,Banana Republic,Fall,L,Blue,180.99,0,180.99,8/6/2025,0,4.5,FALSE,,119,Hungary,HU,19.049339,47.474433
FB002045,Tops,Ann Taylor,Fall,M,Green,74.96,56.1,32.91,8/6/2025,16,,TRUE,Wrong Item,396,Hungary,HU,18.232093,46.072144
FB002046,Dresses,Ann Taylor,Fall,XXL,Navy,63.46,0,63.46,8/6/2025,36,1.2,FALSE,,191,Hungary,HU,19.07435775,47.48572222
FB002047,Shoes,Mango,Spring,S,Black,105.95,31.6,72.47,4/1/2025,38,3.5,FALSE,,172,Hungary,HU,19.05852199,47.51312833
FB002048,Dresses,Mango,Summer,S,Navy,86.55,24.5,65.35,8/6/2025,40,3.5,FALSE,,638,Hungary,HU,19.07280207,47.54898617
FB002049,Bottoms,Gap,Fall,M,Navy,90.97,10.8,81.15,8/6/2025,33,2.2,TRUE,Damaged,886,Hungary,HU,20.7887,48.106603
FB002050,Dresses,Mango,Winter,L,Beige,122.41,48.2,63.41,8/6/2025,49,4.5,FALSE,,123,Hungary,HU,20.129158,46.266389
FB002051,Shoes,Banana Republic,Winter,XXL,Gray,198.22,0,198.22,8/6/2025,12,,FALSE,,511,Hungary,HU,19.149471,47.462661
FB002052,Shoes,Zara,Winter,M,Beige,129.56,20.8,102.61,8/6/2025,3,2.9,FALSE,,271,Hungary,HU,18.393754,47.586875
FB002053,Accessories,Zara,Summer,,Pink,49.31,0,49.31,8/6/2025,49,3.4,FALSE,,135,Hungary,HU,20.138576,46.254601
FB002054,Outerwear,Uniqlo,Summer,S,Pink,206.94,0,206.94,8/6/2025,43,3.3,FALSE,,133,Hungary,HU,19.141922,47.553833
FB002055,Accessories,Banana Republic,Summer,,Black,36.93,0,36.93,8/6/2025,18,,FALSE,,588,Hungary,HU,19.689125,46.907576
FB002056,Accessories,Uniqlo,Summer,,Green,21.85,12,19.23,8/6/2025,18,4.8,FALSE,,411,Hungary,HU,21.731833,47.954154
FB002057,Shoes,Banana Republic,Winter,S,Brown,174.65,43.8,98.15,8/6/2025,28,3.3,FALSE,,465,Hungary,HU,19.023993,47.490572
FB002058,Accessories,Mango,Spring,,Pink,19.96,0,19.96,6/19/2025,16,1.4,FALSE,,577,Hungary,HU,19.250207,47.415707
FB002059,Tops,H&M,Fall,M,Green,90.46,54.1,41.52,8/6/2025,15,2.5,FALSE,,190,Hungary,HU,16.578467,47.698581
FB002060,Shoes,H&M,Fall,L,Blue,189.24,0,189.24,8/6/2025,25,3.6,TRUE,Color Mismatch,542,Hungary,HU,17.918064,47.095501
FB002061,Outerwear,Banana Republic,Summer,XXL,Black,231.24,44.6,128.11,8/6/2025,15,3.7,FALSE,,618,Hungary,HU,18.051241,46.906439
FB002062,Accessories,Mango,Fall,,Beige,66.48,0,66.48,8/6/2025,38,1.4,FALSE,,339,Hungary,HU,19.028777,47.543567
FB002063,Accessories,H&M,Fall,,Beige,37.27,0,37.27,8/6/2025,15,3.8,FALSE,,405,Hungary,HU,18.92518,47.37927
FB002064,Shoes,Uniqlo,Spring,L,Brown,178.05,0,178.05,3/8/2025,24,,FALSE,,142,Hungary,HU,19.339513,47.608901
FB002065,Tops,Forever21,Spring,XS,Pink,73.76,0,73.76,8/19/2024,25,1.3,FALSE,,523,Hungary,HU,19.115894,47.606293
FB002066,Bottoms,Zara,Winter,XL,Pink,36.23,0,36.23,8/6/2025,49,,FALSE,,595,Hungary,HU,18.406982,47.189795
FB002067,Bottoms,H&M,Spring,S,Purple,48.89,0,48.89,12/10/2024,9,3.1,FALSE,,251,Hungary,HU,17.785013,46.356438
FB002068,Tops,H&M,Winter,XL,Pink,94.15,31,64.96,8/6/2025,25,,FALSE,,183,Hungary,HU,19.058851,47.513687
FB002069,Accessories,Forever21,Summer,,Brown,27.7,0,27.7,8/6/2025,27,4.8,FALSE,,261,Hungary,HU,17.007873,46.463349
FB002070,Shoes,H&M,Spring,XXL,Gray,122.55,11.2,108.82,10/2/2024,23,,FALSE,,144,Hungary,HU,18.964078,47.44989
FB002071,Dresses,Mango,Spring,XL,Pink,173.77,17,144.23,11/20/2024,5,1.9,FALSE,,682,Hungary,HU,19.026669,47.508712
FB002072,Accessories,Uniqlo,Summer,,Pink,77.45,0,77.45,8/6/2025,0,3.1,FALSE,,590,Hungary,HU,20.19688,47.159298
FB002073,Bottoms,Uniqlo,Winter,M,Black,34.16,0,34.16,8/6/2025,37,1.3,FALSE,,404,Hungary,HU,16.617053,47.22199
FB002074,Accessories,Forever21,Summer,,White,71.3,0,71.3,8/6/2025,21,1.6,FALSE,,151,Hungary,HU,16.8676106,46.8415159
FB002075,Tops,H&M,Summer,M,Brown,63.67,0,63.67,8/6/2025,18,1.6,FALSE,,139,Hungary,HU,19.051116,47.495811
FB002076,Outerwear,Forever21,Fall,S,Gray,249.98,0,249.98,8/6/2025,46,3.6,FALSE,,934,Hungary,HU,18.995529,47.338304
FB002077,Outerwear,Ann Taylor,Spring,XL,Green,103.92,0,103.92,10/24/2024,5,,FALSE,,113,Hungary,HU,19.067611,47.423674
FB002078,Shoes,Uniqlo,Summer,XL,Black,116.76,0,116.76,8/6/2025,13,,FALSE,,468,Hungary,HU,20.782552,48.126063
FB002079,Shoes,Gap,Winter,XXL,White,102.61,0,102.61,8/6/2025,47,3.5,FALSE,,587,Hungary,HU,20.37023845,47.92520606
FB002080,Accessories,Ann Taylor,Spring,,Pink,43.48,0,43.48,8/23/2024,11,4.7,FALSE,,992,Hungary,HU,20.332521,46.412507
FB002081,Accessories,Forever21,Winter,,Pink,39.9,0,39.9,8/6/2025,6,2.4,TRUE,Damaged,100,Hungary,HU,19.665532,46.93363
FB002082,Bottoms,Zara,Spring,S,Pink,86,36.7,54.44,4/23/2025,18,2.4,TRUE,Size Issue,742,Hungary,HU,19.023827,47.464647
FB002083,Shoes,Gap,Summer,XXL,Blue,154.48,58.5,64.11,8/6/2025,19,3.2,FALSE,,818,Indonesia,ID,106.8197539,-6.1947598
FB002084,Dresses,Gap,Summer,S,Red,141.97,35.3,91.85,8/6/2025,12,2.6,FALSE,,728,Indonesia,ID,106.7843323,-6.2653516
FB002085,Outerwear,Gap,Spring,XS,Red,119.36,0,119.36,7/2/2025,30,2.7,TRUE,Size Issue,940,Indonesia,ID,106.8228548,-6.223645
FB002086,Accessories,Forever21,Summer,,Navy,15.71,47.6,8.23,8/6/2025,42,2,FALSE,,426,Indonesia,ID,106.7831645,-6.2442353
FB002087,Shoes,Mango,Winter,M,Black,89.12,0,89.12,8/6/2025,27,,TRUE,Damaged,927,Indonesia,ID,106.8428638,-6.2239083
FB002088,Bottoms,H&M,Fall,S,Blue,30.43,0,30.43,8/6/2025,32,3.1,FALSE,,854,Indonesia,ID,107.595805,-6.889284
FB002089,Dresses,Forever21,Winter,XS,Pink,115.4,0,115.4,8/6/2025,7,4.5,FALSE,,991,Indonesia,ID,98.6716751,3.5824867
FB002090,Outerwear,Gap,Winter,S,Red,155.2,0,155.2,8/6/2025,5,4.8,FALSE,,466,Indonesia,ID,98.681036,3.5916765
FB002091,Bottoms,Forever21,Fall,L,Gray,104.83,0,104.83,8/6/2025,26,4,FALSE,,493,Indonesia,ID,106.7910255,-6.1273778
FB002092,Accessories,Gap,Summer,,Gray,41.62,0,41.62,8/6/2025,33,,FALSE,,480,Indonesia,ID,106.7385748,-6.19008
FB002093,Bottoms,Ann Taylor,Spring,M,Beige,94.92,0,94.92,9/29/2024,20,2.3,FALSE,,693,Indonesia,ID,115.1842691,-8.7233105
FB002094,Bottoms,Mango,Fall,XXL,Red,107.92,22.2,83.96,8/6/2025,35,3.7,FALSE,,445,Indonesia,ID,106.643997,-6.304714
FB002095,Accessories,Forever21,Summer,,Green,45.52,0,45.52,8/6/2025,41,1.6,FALSE,,382,Indonesia,ID,106.7398576,-6.1092891
FB002096,Bottoms,Gap,Winter,M,Green,112.1,30.7,77.69,8/6/2025,10,1,FALSE,,636,Indonesia,ID,106.7977817,-6.1958383
FB002097,Shoes,Uniqlo,Spring,L,Purple,103.9,0,103.9,7/23/2025,27,2.1,FALSE,,739,Indonesia,ID,115.169539,-8.716511
FB002098,Outerwear,Banana Republic,Winter,L,Pink,168.02,0,168.02,8/6/2025,30,1.6,TRUE,Size Issue,862,Indonesia,ID,110.403138,-7.758618
FB002099,Shoes,Mango,Fall,M,Brown,80.41,0,80.41,8/6/2025,46,2.8,FALSE,,407,Indonesia,ID,116.8569893,-1.2744198
FB002100,Bottoms,Forever21,Spring,XL,Green,102.76,0,102.76,11/16/2024,35,2.2,FALSE,,758,Indonesia,ID,106.6071156,-6.2268175
FB002101,Tops,Forever21,Fall,XXL,Black,81.2,0,81.2,8/6/2025,27,1.7,FALSE,,858,Indonesia,ID,112.674717,-7.290095
FB002102,Accessories,Uniqlo,Fall,,Gray,68.95,0,68.95,8/6/2025,47,3.6,FALSE,,790,Indonesia,ID,106.7385748,-6.19008
FB002103,Bottoms,Zara,Summer,XS,Purple,43.04,0,43.04,8/6/2025,26,4.8,TRUE,Wrong Item,159,Indonesia,ID,106.849446,-6.379432
FB002104,Tops,Zara,Spring,XS,Beige,81.82,0,81.82,5/9/2025,1,3.5,FALSE,,566,Indonesia,ID,107.5940423,-6.9154144
FB002105,Accessories,Mango,Summer,,Blue,53.7,0,53.7,8/6/2025,16,1.4,TRUE,Damaged,642,Indonesia,ID,112.7403581,-7.2629282
FB002106,Tops,Mango,Summer,L,Red,100.11,0,100.11,8/6/2025,41,4.7,FALSE,,758,Indonesia,ID,112.7818891,-7.2761762
FB002107,Accessories,Ann Taylor,Winter,,Gray,24.08,38.5,14.81,8/6/2025,43,4.1,FALSE,,154,Indonesia,ID,101.4180964,0.4998599
FB002108,Accessories,Ann Taylor,Spring,,Red,74.77,0,74.77,3/18/2025,26,2.9,FALSE,,756,Indonesia,ID,112.781847,-7.2760473
FB002109,Dresses,H&M,Spring,XL,Navy,105.98,0,105.98,10/2/2024,32,2.5,TRUE,Size Issue,283,Indonesia,ID,106.8906726,-6.1492453
FB002110,Shoes,Zara,Summer,L,White,81.65,7.7,75.36,8/6/2025,23,2.6,FALSE,,919,Indonesia,ID,110.81667,-7.598905
FB002111,Shoes,Forever21,Fall,S,Black,92.66,8.3,84.97,8/6/2025,5,3.3,FALSE,,775,Indonesia,ID,106.809833,-6.224843
FB002112,Accessories,Mango,Summer,,Brown,41.04,0,41.04,8/6/2025,43,,FALSE,,451,Indonesia,ID,106.8219486,-6.1930596
FB002113,Outerwear,Forever21,Fall,M,Pink,169.98,5.8,160.12,8/6/2025,12,2.1,FALSE,,760,Indonesia,ID,106.972218,-6.270885
FB002114,Accessories,Mango,Winter,,Red,66.12,51,32.4,8/6/2025,17,2.2,FALSE,,897,Indonesia,ID,106.8574744,-6.567208
FB002115,Dresses,Banana Republic,Spring,S,Purple,139.87,14.5,119.59,9/13/2024,13,1.3,FALSE,,896,Indonesia,ID,106.902328,-6.375519
FB002116,Accessories,Zara,Winter,,Pink,70.23,49.9,35.19,8/6/2025,0,4.6,TRUE,Damaged,107,Indonesia,ID,108.550288,-6.7176939
FB002117,Shoes,Zara,Winter,XL,Blue,129.9,39.9,78.07,8/6/2025,28,1.3,FALSE,,743,Indonesia,ID,106.732368,-6.390276
FB002118,Bottoms,Zara,Spring,L,Beige,75.78,0,75.78,1/28/2025,12,3.6,FALSE,,726,Indonesia,ID,115.1570232,-8.6832837
FB002119,Bottoms,H&M,Winter,M,Beige,93.41,0,93.41,8/6/2025,4,3.2,TRUE,Size Issue,776,Indonesia,ID,106.797299,-6.227439
FB002120,Tops,Banana Republic,Spring,L,Red,66.9,0,66.9,5/7/2025,1,2.8,FALSE,,561,Indonesia,ID,106.831619,-6.524039
FB002121,Tops,Mango,Fall,L,Green,110.45,6.6,103.16,8/6/2025,6,,FALSE,,934,Indonesia,ID,104.753565,-2.9845746
FB002122,Bottoms,Zara,Fall,L,Gray,52.73,0,52.73,8/6/2025,10,4.5,FALSE,,801,Indonesia,ID,107.636699,-6.925584
FB002123,Outerwear,Ann Taylor,Fall,L,Blue,89.13,0,89.13,8/6/2025,17,4.1,FALSE,,742,Indonesia,ID,110.398967,-6.964416
FB002124,Outerwear,Banana Republic,Summer,L,Green,171.78,44.1,96.03,8/6/2025,25,,TRUE,Color Mismatch,185,Indonesia,ID,115.1828021,-8.7018086
FB002125,Shoes,Gap,Winter,M,Pink,129,0,129,8/6/2025,13,3.8,TRUE,Changed Mind,174,Indonesia,ID,104.007221,1.1348824
FB002126,Shoes,Zara,Summer,XS,Brown,160.59,0,160.59,8/6/2025,8,2.9,FALSE,,577,Indonesia,ID,106.78241,-6.317496
FB002127,Tops,Banana Republic,Summer,L,Red,56.38,0,56.38,8/6/2025,9,,FALSE,,317,Indonesia,ID,119.449711,-5.139807
FB002128,Outerwear,Gap,Winter,L,Green,109.2,26.6,80.15,8/6/2025,21,3.9,TRUE,Quality Issue,202,Indonesia,ID,106.908643,-6.156828
FB002129,Accessories,Uniqlo,Spring,,Pink,21.43,0,21.43,2/3/2025,38,1.9,FALSE,,870,Indonesia,ID,119.4174332,-5.1532371
FB002130,Shoes,H&M,Winter,M,Purple,87.11,0,87.11,8/6/2025,36,2.3,FALSE,,119,Indonesia,ID,110.4128032,-6.9833637
FB002131,Accessories,Forever21,Fall,,Navy,36.29,0,36.29,8/6/2025,47,2.8,FALSE,,159,Indonesia,ID,116.07446,-8.541114
FB002132,Dresses,H&M,Spring,M,Green,105.59,0,105.59,6/27/2025,37,4.7,FALSE,,335,Indonesia,ID,106.628448,-6.2407144
FB002133,Dresses,Zara,Fall,S,Black,93.5,0,93.5,8/6/2025,4,3.7,FALSE,,994,Indonesia,ID,107.001658,-6.2267525
FB002134,Accessories,Ann Taylor,Winter,,Black,41.72,9.5,37.76,8/6/2025,9,3.9,FALSE,,846,Indonesia,ID,112.720285,-7.293289
FB002135,Accessories,Mango,Summer,,Red,74.54,58.1,31.23,8/6/2025,35,4.8,FALSE,,934,Indonesia,ID,117.1466,-0.48585
FB002136,Dresses,Uniqlo,Spring,,Blue,85.49,0,85.49,12/16/2024,0,3.7,FALSE,,675,Indonesia,ID,106.8410243,-6.2241435
FB002137,Dresses,Zara,Summer,M,Green,131.05,0,131.05,8/6/2025,23,4.9,FALSE,,901,Indonesia,ID,110.42286,-6.99036
FB002138,Bottoms,Forever21,Summer,XL,Pink,63.5,0,63.5,8/6/2025,17,2.6,FALSE,,503,Indonesia,ID,106.85297,-6.31001
FB002139,Tops,Uniqlo,Fall,M,Beige,75.54,0,75.54,8/6/2025,7,3.3,FALSE,,928,Ireland,IE,-6.242358685,53.28689704
FB002140,Tops,Mango,Fall,XXL,Beige,110.77,0,110.77,8/6/2025,48,2.6,FALSE,,763,Ireland,IE,-6.390057,53.353131
FB002141,Shoes,Mango,Summer,M,White,190.71,6.3,178.7,8/6/2025,1,2,FALSE,,855,Ireland,IE,-8.643996,52.639454
FB002142,Tops,Mango,Fall,L,White,100.56,17.3,83.16,8/6/2025,21,3.6,FALSE,,662,Ireland,IE,-6.798979,53.178581
FB002143,Outerwear,Forever21,Summer,XXL,Pink,221.59,8.6,202.53,8/6/2025,5,,FALSE,,382,Ireland,IE,-6.390395,53.393048
FB002144,Bottoms,Gap,Summer,L,Beige,55.21,0,55.21,8/6/2025,21,1.8,TRUE,Wrong Item,625,Ireland,IE,-6.262512,53.340535
FB002145,Accessories,Uniqlo,Fall,,Black,17.87,0,17.87,8/6/2025,47,,FALSE,,774,Ireland,IE,-7.935711,53.423697
FB002146,Bottoms,Uniqlo,Summer,XS,Pink,56.57,0,56.57,8/6/2025,43,4.4,TRUE,Size Issue,748,Ireland,IE,-6.220107079,53.45356033
FB002147,Accessories,Gap,Spring,,Purple,47.74,0,47.74,12/25/2024,17,2.9,FALSE,,324,Ireland,IE,-6.242251396,53.28717924
FB002148,Dresses,Banana Republic,Fall,M,Navy,152.88,8.9,139.27,8/6/2025,19,2.2,FALSE,,141,Ireland,IE,-8.472928874,51.89939026
FB002149,Outerwear,Banana Republic,Winter,M,Beige,199.61,37.7,124.36,8/6/2025,6,,FALSE,,501,Ireland,IE,-6.371898651,53.28638393
FB002150,Accessories,Gap,Summer,,Gray,57.25,0,57.25,8/6/2025,22,5,FALSE,,218,Ireland,IE,-7.244107,52.655513
FB002151,Dresses,H&M,Fall,XL,Blue,134.41,55.3,60.08,8/6/2025,12,3.2,FALSE,,490,Ireland,IE,-7.731496,54.946608
FB002152,Bottoms,Ann Taylor,Fall,S,Brown,111.43,43.5,62.96,8/6/2025,22,4.8,FALSE,,576,Ireland,IE,-6.3985955,54.0005921
FB002153,Accessories,Uniqlo,Spring,,Brown,15.36,36.8,9.71,4/29/2025,46,2.3,FALSE,,272,Ireland,IE,-6.26106383,53.34417306
FB002154,Tops,Gap,Fall,XL,Black,100.03,51.8,48.21,8/6/2025,43,5,FALSE,,734,Ireland,IE,-6.246913,53.392019
FB002155,Shoes,Uniqlo,Summer,S,Black,173.75,19.2,140.39,8/6/2025,38,,FALSE,,138,Ireland,IE,-6.39864,54.000745
FB002156,Bottoms,Gap,Winter,XL,Green,37.98,15.2,32.21,8/6/2025,25,3.6,FALSE,,404,Israel,IL,34.791115,32.073807
FB002157,Dresses,Forever21,Summer,M,Black,154.11,0,154.11,8/6/2025,50,3.1,FALSE,,328,Israel,IL,35.187281,31.751619
FB002158,Accessories,Ann Taylor,Spring,,Purple,69.8,46.9,37.06,10/21/2024,26,3.8,FALSE,,347,Israel,IL,35.007779,32.789891
FB002159,Dresses,Gap,Winter,XXL,Gray,171.16,0,171.16,8/6/2025,26,4.3,FALSE,,301,Israel,IL,34.927693,32.17072
FB002160,Outerwear,Zara,Summer,XXL,White,118.57,0,118.57,8/6/2025,6,1.4,TRUE,Quality Issue,574,Israel,IL,34.861689,32.326746
FB002161,Dresses,Mango,Winter,XXL,Pink,118.46,0,118.46,8/6/2025,40,2.3,FALSE,,159,Israel,IL,34.865523,32.093065
FB002162,Shoes,Zara,Summer,L,Green,122.7,0,122.7,8/6/2025,9,,FALSE,,778,Israel,IL,34.823965,32.165272
FB002163,Accessories,Gap,Spring,,Black,68.2,0,68.2,4/5/2025,2,3.8,FALSE,,215,Israel,IL,34.807107,31.893776
FB002164,Shoes,H&M,Spring,XL,White,178.56,0,178.56,3/16/2025,46,2.6,FALSE,,297,Israel,IL,35.090859,32.843347
FB002165,Accessories,Uniqlo,Summer,,Green,30.46,31.4,20.9,8/6/2025,40,2.4,FALSE,,627,Israel,IL,34.7551873,32.015596
FB002166,Accessories,Banana Republic,Summer,,Black,76.08,0,76.08,8/6/2025,6,4.9,FALSE,,586,Israel,IL,34.771658,31.250677
FB002167,Shoes,Banana Republic,Winter,M,Brown,116.15,16.5,96.99,8/6/2025,11,3,FALSE,,950,Israel,IL,35.30022,32.695893
FB002168,Shoes,H&M,Winter,XS,White,98.22,0,98.22,8/6/2025,27,3.3,FALSE,,801,Israel,IL,34.921152,32.437334
FB002169,Shoes,Ann Taylor,Winter,,Beige,66.58,0,66.58,8/6/2025,45,3.4,FALSE,,713,Israel,IL,34.878181,32.196871
FB002170,Accessories,Uniqlo,Spring,,Beige,69.22,0,69.22,9/5/2024,42,3.8,FALSE,,938,Israel,IL,34.863878,31.925853
FB002171,Tops,Uniqlo,Winter,XL,Black,85.01,0,85.01,8/6/2025,39,4.3,FALSE,,626,Israel,IL,34.664527,31.775432
FB002172,Tops,Mango,Summer,XL,Black,31.41,0,31.41,8/6/2025,10,2.1,FALSE,,311,Israel,IL,34.82616,32.100473
FB002173,Dresses,Banana Republic,Winter,L,Brown,50.58,0,50.58,8/6/2025,1,3.1,TRUE,Changed Mind,760,Israel,IL,34.786442,32.069338
FB002174,Accessories,Banana Republic,Winter,,Beige,79.37,54.8,35.88,8/6/2025,40,2.6,FALSE,,452,Israel,IL,34.858858,32.055409
FB002175,Bottoms,Ann Taylor,Summer,XL,Pink,105.52,0,105.52,8/6/2025,20,4.9,TRUE,Size Issue,403,Israel,IL,34.804585,31.949385
FB002176,Shoes,Ann Taylor,Summer,XXL,White,154.02,0,154.02,8/6/2025,23,1.3,FALSE,,240,Israel,IL,34.96556,29.554255
